@inproceedings{sechidis14pu,
  title={Statistical Hypothesis Testing in Positive Unlabelled Data},
  author={Sechidis, Konstantinos and Calvo, Borja, and Brown, Gavin},
  booktitle={European Conference on Machine Learning},
  pages={66--81},
  year={2014}
}
