


#MCS02

@INPROCEEDINGS{AltincayD02,
  author       = {Hakan Altin\c{c}ay and
                  M{\"u}beccel Demirekler},
  title        = {Post-processing of Classifier Outputs in Multiple Classifier
                  Systems.},
  booktitle    = {Multiple Classifier Systems},
  year         = 2002,
  pages        = {159-168},
  ee           = {http://link.springer.de/link/service/series/0558/bibs/2364/23640159.htm},
}

@INPROCEEDINGS{BenfenatiMNG02,
  author       = {Emilio Benfenati and
                  Paolo Mazzatorta and
                  Daniel Neagu and
                  Giuseppina C. Gini},
  title        = {Combining Classifiers of Pesticides Toxicity through a Neuro-fuzzy
                  Approach.},
  booktitle    = {Multiple Classifier Systems},
  year         = 2002,
  pages        = {293-303},
  ee           = {http://link.springer.de/link/service/series/0558/bibs/2364/23640293.htm},
}

@INPROCEEDINGS{CaprileFM02,
  author       = {Bruno Caprile and
                  Cesare Furlanello and
                  Stefano Merler},
  title        = {Highlighting Hard Patterns via AdaBoost Weights Evolution.},
  booktitle    = {Multiple Classifier Systems},
  year         = 2002,
  pages        = {72-80},
  ee           = {http://link.springer.de/link/service/series/0558/bibs/2364/23640072.htm},
}

@INPROCEEDINGS{ChawlaHBMK02,
  author       = {Nitesh V. Chawla and
                  Lawrence O. Hall and
                  Kevin W. Bowyer and
                  Thomas E. Moore and
                  W. Philip Kegelmeyer},
  title        = {Distributed Pasting of Small Votes.},
  booktitle    = {Multiple Classifier Systems},
  year         = 2002,
  pages        = {52-61},
  ee           = {http://link.springer.de/link/service/series/0558/bibs/2364/23640052.htm},
}

@INPROCEEDINGS{CohenI02,
  author       = {Shimon Cohen and
                  Nathan Intrator},
  title        = {Forward and Backward Selection in Regression Hybrid Network.},
  booktitle    = {Multiple Classifier Systems},
  year         = 2002,
  pages        = {98-107},
  ee           = {http://link.springer.de/link/service/series/0558/bibs/2364/23640098.htm},
}

@INPROCEEDINGS{CordellaSPSV02,
  author       = {Luigi P. Cordella and
                  Massimo De Santo and
                  Gennaro Percannella and
                  Carlo Sansone and
                  Mario Vento},
  title        = {A Multi-expert System for Movie Segmentation.},
  booktitle    = {Multiple Classifier Systems},
  year         = 2002,
  pages        = {304-313},
  ee           = {http://link.springer.de/link/service/series/0558/bibs/2364/23640304.htm},
}

@INPROCEEDINGS{DzeroskiZ02,
  author       = {Saso Dzeroski and
                  Bernard Zenko},
  title        = {Stacking with Multi-response Model Trees.},
  booktitle    = {Multiple Classifier Systems},
  year         = 2002,
  pages        = {201-211},
  ee           = {http://link.springer.de/link/service/series/0558/bibs/2364/23640201.htm},
}

@INPROCEEDINGS{Ghosh02,
  author       = {Joydeep Ghosh},
  title        = {Multiclassifier Systems: Back to the Future.},
  booktitle    = {Multiple Classifier Systems},
  year         = 2002,
  pages        = {1-15},
  ee           = {http://link.springer.de/link/service/series/0558/bibs/2364/23640001.htm},
}

@INPROCEEDINGS{GunterB02,
  author       = {Simon G{\"u}nter and
                  Horst Bunke},
  title        = {Generating Classifier Ensembles from Multiple Prototypes
                  and Its Application to Handwriting Recognition.},
  booktitle    = {Multiple Classifier Systems},
  year         = 2002,
  pages        = {179-188},
  ee           = {http://link.springer.de/link/service/series/0558/bibs/2364/23640179.htm},
}

@INPROCEEDINGS{JaneliunasR02,
  author       = {Arunas Janeliunas and
                  Sarunas Raudys},
  title        = {Reduction of the Boasting Bias of Linear Experts.},
  booktitle    = {Multiple Classifier Systems},
  year         = 2002,
  pages        = {242-251},
  ee           = {http://link.springer.de/link/service/series/0558/bibs/2364/23640242.htm},
}

@INPROCEEDINGS{KittlerBCRV02,
  author       = {Josef Kittler and
                  Marco Ballette and
                  Jacek Czyz and
                  Fabio Roli and
                  Luc Vandendorpe},
  title        = {Decision Level Fusion of Intramodal Personal Identity Verification
                  Experts.},
  booktitle    = {Multiple Classifier Systems},
  year         = 2002,
  pages        = {314-324},
  ee           = {http://link.springer.de/link/service/series/0558/bibs/2364/23640314.htm},
}

@INPROCEEDINGS{KunchevaW02,
  author       = {Ludmila I. Kuncheva and
                  Christopher J. Whitaker},
  title        = {Using Diversity with Three Variants of Boosting: Aggressive,
                  Conservative, and Inverse.},
  booktitle    = {Multiple Classifier Systems},
  year         = 2002,
  pages        = {81-90},
  ee           = {http://link.springer.de/link/service/series/0558/bibs/2364/23640081.htm},
}

@INPROCEEDINGS{LaiTDPP02,
  author       = {Carmen Lai and
                  David M. J. Tax and
                  Robert P. W. Duin and
                  Elzbieta Pekalska and
                  Pavel Pacl\'{\i}k},
  title        = {On Combining One-Class Classifiers for Image Database Retrieval.},
  booktitle    = {Multiple Classifier Systems},
  year         = 2002,
  pages        = {212-221},
  ee           = {http://link.springer.de/link/service/series/0558/bibs/2364/23640212.htm},
}

@INPROCEEDINGS{MasulliPSV02,
  author       = {Francesco Masulli and
                  Matteo Pardo and
                  Giorgio Sberveglieri and
                  Giorgio Valentini},
  title        = {Boosting and Classification of Electronic Nose Data.},
  booktitle    = {Multiple Classifier Systems},
  year         = 2002,
  pages        = {262-271},
  ee           = {http://link.springer.de/link/service/series/0558/bibs/2364/23640262.htm},
}

@INPROCEEDINGS{MinguillonTAG02,
  author       = {Juli{\`a} Minguill{\'o}n and
                  Anne Rosemary Tate and
                  Carles Ar{\'u}s and
                  John R. Griffiths},
  title        = {Classifier Combination for In Vivo Magnetic Resonance Spectra
                  of Brain Tumours.},
  booktitle    = {Multiple Classifier Systems},
  year         = 2002,
  pages        = {282-292},
  ee           = {http://link.springer.de/link/service/series/0558/bibs/2364/23640282.htm},
}

@INPROCEEDINGS{MolaS02,
  author       = {Francesco Mola and
                  Roberta Siciliano},
  title        = {Discriminant Analysis and Factorial Multiple Splits in Recursive
                  Partitioning for Data Mining.},
  booktitle    = {Multiple Classifier Systems},
  year         = 2002,
  pages        = {118-126},
  ee           = {http://link.springer.de/link/service/series/0558/bibs/2364/23640118.htm},
}

@INPROCEEDINGS{MorganHCGN02,
  author       = {Joseph T. Morgan and
                  Alex Henneguelle and
                  Melba M. Crawford and
                  Joydeep Ghosh and
                  Amy Neuenschwander},
  title        = {Adaptive Feature Spaces for Land Cover Classification with
                  Limited Ground Truth Data.},
  booktitle    = {Multiple Classifier Systems},
  year         = 2002,
  pages        = {189-200},
  ee           = {http://link.springer.de/link/service/series/0558/bibs/2364/23640189.htm},
}

@INPROCEEDINGS{PekalskaDS02,
  author       = {Elzbieta Pekalska and
                  Robert P. W. Duin and
                  Marina Skurichina},
  title        = {A Discussion on the Classifier Projection Space for Classifier
                  Combining.},
  booktitle    = {Multiple Classifier Systems},
  year         = 2002,
  pages        = {137-148},
  ee           = {http://link.springer.de/link/service/series/0558/bibs/2364/23640137.htm},
}

@INPROCEEDINGS{Raudys02,
  author       = {Sarunas Raudys},
  title        = {Multiple Classification Systems in the Context of Feature
                  Extraction and Selection.},
  booktitle    = {Multiple Classifier Systems},
  year         = 2002,
  pages        = {27-41},
  ee           = {http://link.springer.de/link/service/series/0558/bibs/2364/23640027.htm},
}

@INPROCEEDINGS{RoliF02,
  author       = {Fabio Roli and
                  Giorgio Fumera},
  title        = {Analysis of Linear and Order Statistics Combiners for Fusion
                  of Imbalanced Classifiers.},
  booktitle    = {Multiple Classifier Systems},
  year         = 2002,
  pages        = {252-261},
  ee           = {http://link.springer.de/link/service/series/0558/bibs/2364/23640252.htm},
}

@PROCEEDINGS{mcs2002,
  editor       = {Fabio Roli and
                  Josef Kittler},
  title        = {Multiple Classifier Systems, Third International Workshop,
                  MCS 2002, Cagliari, Italy, June 24-26, 2002, Proceedings},
  booktitle    = {Multiple Classifier Systems},
  publisher    = {Springer},
  series       = {Lecture Notes in Computer Science},
  volume       = 2364,
  year         = 2002,
  isbn         = {3-540-43818-1},
}

@INPROCEEDINGS{RoliKFM02,
  author       = {Fabio Roli and
                  Josef Kittler and
                  Giorgio Fumera and
                  Daniele Muntoni},
  title        = {An Experimental Comparison of Classifier Fusion Rules for
                  Multimodal Personal Identity Verification Systems.},
  booktitle    = {Multiple Classifier Systems},
  year         = 2002,
  pages        = {325-336},
  ee           = {http://link.springer.de/link/service/series/0558/bibs/2364/23640325.htm},
}

@INPROCEEDINGS{RoliRM02,
  author       = {Fabio Roli and
                  Sarunas Raudys and
                  Gian Luca Marcialis},
  title        = {An Experimental Comparison of Fixed and Trained Fusion Rules
                  for Crisp Classifier Outputs.},
  booktitle    = {Multiple Classifier Systems},
  year         = 2002,
  pages        = {232-241},
  ee           = {http://link.springer.de/link/service/series/0558/bibs/2364/23640232.htm},
}

@INPROCEEDINGS{RutaG02,
  author       = {Dymitr Ruta and
                  Bogdan Gabrys},
  title        = {New Measure of Classifier Dependency in Multiple Classifier
                  Systems.},
  booktitle    = {Multiple Classifier Systems},
  year         = 2002,
  pages        = {127-136},
  ee           = {http://link.springer.de/link/service/series/0558/bibs/2364/23640127.htm},
}

@INPROCEEDINGS{SchettiniBC02,
  author       = {Raimondo Schettini and
                  Carla Brambilla and
                  Claudio Cusano},
  title        = {Content-Based Classification of Digital Photos.},
  booktitle    = {Multiple Classifier Systems},
  year         = 2002,
  pages        = {272-281},
  ee           = {http://link.springer.de/link/service/series/0558/bibs/2364/23640272.htm},
}

@INPROCEEDINGS{Sharkey02,
  author       = {Amanda J. C. Sharkey},
  title        = {Types of Multinet System.},
  booktitle    = {Multiple Classifier Systems},
  year         = 2002,
  pages        = {108-117},
  ee           = {http://link.springer.de/link/service/series/0558/bibs/2364/23640108.htm},
}

@INPROCEEDINGS{SirlantzisHF02,
  author       = {Konstantinos Sirlantzis and
                  Sanaul Hoque and
                  Michael C. Fairhurst},
  title        = {Trainable Multiple Classifier Schemes for Handwritten Character
                  Recognition.},
  booktitle    = {Multiple Classifier Systems},
  year         = 2002,
  pages        = {169-178},
  ee           = {http://link.springer.de/link/service/series/0558/bibs/2364/23640169.htm},
}

@INPROCEEDINGS{SkurichinaKD02,
  author       = {Marina Skurichina and
                  Ludmila Kuncheva and
                  Robert P. W. Duin},
  title        = {Bagging and Boosting for the Nearest Mean Classifier: Effects
                  of Sample Size on Diversity and Accuracy.},
  booktitle    = {Multiple Classifier Systems},
  year         = 2002,
  pages        = {62-71},
  ee           = {http://link.springer.de/link/service/series/0558/bibs/2364/23640062.htm},
}

@INPROCEEDINGS{ValentiniD02,
  author       = {Giorgio Valentini and
                  Thomas G. Dietterich},
  title        = {Bias-Variance Analysis and Ensembles of SVM.},
  booktitle    = {Multiple Classifier Systems},
  year         = 2002,
  pages        = {222-231},
  ee           = {http://link.springer.de/link/service/series/0558/bibs/2364/23640222.htm},
}

@INPROCEEDINGS{WindeattA02,
  author       = {Terry Windeatt and
                  Gholamreza Ardeshir},
  title        = {Boosted Tree Ensembles for Solving Multiclass Problems.},
  booktitle    = {Multiple Classifier Systems},
  year         = 2002,
  pages        = {42-51},
  ee           = {http://link.springer.de/link/service/series/0558/bibs/2364/23640042.htm},
}

@INPROCEEDINGS{WindridgeK02,
  author       = {David Windridge and
                  Josef Kittler},
  title        = {On the General Application of the Tomographic Classifier
                  Fusion Methodology.},
  booktitle    = {Multiple Classifier Systems},
  year         = 2002,
  pages        = {149-158},
  ee           = {http://link.springer.de/link/service/series/0558/bibs/2364/23640149.htm},
}

@INPROCEEDINGS{YangBP02,
  author       = {Shuang Yang and
                  Antony Browne and
                  Phil D. Picton},
  title        = {Multistage Neural Network Ensembles.},
  booktitle    = {Multiple Classifier Systems},
  year         = 2002,
  pages        = {91-97},
  ee           = {http://link.springer.de/link/service/series/0558/bibs/2364/23640091.htm},
}

@INPROCEEDINGS{ZhuH02,
  author       = {Ji Zhu and
                  Trevor Hastie},
  title        = {Support Vector Machines, Kernel Logistic Regression and
                  Boosting.},
  booktitle    = {Multiple Classifier Systems},
  year         = 2002,
  pages        = {16-26},
  ee           = {http://link.springer.de/link/service/series/0558/bibs/2364/23640016.htm},
}
