


#MCS04

@INPROCEEDINGS{AyadBK04,
  author       = {Hanan Ayad and
                  Otman A. Basir and
                  Mohamed Kamel},
  title        = {A Probabilistic Model Using Information Theoretic Measures
                  for Cluster Ensembles.},
  booktitle    = {Multiple Classifier Systems},
  year         = 2004,
  pages        = {144-153},
  ee           = {http://springerlink.metapress.com/openurl.asp?genre=article{\&}issn=0302-9743{\&}volume=3077{\&}spage=144},
}

@INPROCEEDINGS{BanfieldHBBKE04,
  author       = {Robert E. Banfield and
                  Lawrence O. Hall and
                  Kevin W. Bowyer and
                  Divya Bhadoria and
                  W. Philip Kegelmeyer and
                  Steven Eschrich},
  title        = {A Comparison of Ensemble Creation Techniques.},
  booktitle    = {Multiple Classifier Systems},
  year         = 2004,
  pages        = {223-232},
  ee           = {http://springerlink.metapress.com/openurl.asp?genre=article{\&}issn=0302-9743{\&}volume=3077{\&}spage=223},
}

@INPROCEEDINGS{BonissoneGY04,
  author       = {Piero P. Bonissone and
                  Kai Goebel and
                  Weizhong Yan},
  title        = {Classifier Fusion Using Triangular Norms.},
  booktitle    = {Multiple Classifier Systems},
  year         = 2004,
  pages        = {154-163},
  ee           = {http://springerlink.metapress.com/openurl.asp?genre=article{\&}issn=0302-9743{\&}volume=3077{\&}spage=154},
}

@INPROCEEDINGS{CaprileMFJ04,
  author       = {Bruno Caprile and
                  Stefano Merler and
                  Cesare Furlanello and
                  Giuseppe Jurman},
  title        = {Exact Bagging with k-Nearest Neighbour Classifiers.},
  booktitle    = {Multiple Classifier Systems},
  year         = 2004,
  pages        = {72-81},
  ee           = {http://springerlink.metapress.com/openurl.asp?genre=article{\&}issn=0302-9743{\&}volume=3077{\&}spage=72},
}

@INPROCEEDINGS{ChenKJ04,
  author       = {Lei Chen and
                  Mohamed Kamel and
                  Ju Jiang},
  title        = {A Modular System for the Classification of Time Series Data.},
  booktitle    = {Multiple Classifier Systems},
  year         = 2004,
  pages        = {134-143},
  ee           = {http://springerlink.metapress.com/openurl.asp?genre=article{\&}issn=0302-9743{\&}volume=3077{\&}spage=134},
}

@INPROCEEDINGS{CordellaLS04,
  author       = {Luigi P. Cordella and
                  Alessandro Limongiello and
                  Carlo Sansone},
  title        = {Network Intrusion Detection by a Multi-stage Classification
                  System.},
  booktitle    = {Multiple Classifier Systems},
  year         = 2004,
  pages        = {324-333},
  ee           = {http://springerlink.metapress.com/openurl.asp?genre=article{\&}issn=0302-9743{\&}volume=3077{\&}spage=324},
}

@INPROCEEDINGS{DaraK04,
  author       = {Rozita A. Dara and
                  Mohamed S. Kamel},
  title        = {Sharing Training Patterns among Multiple Classifiers.},
  booktitle    = {Multiple Classifier Systems},
  year         = 2004,
  pages        = {243-252},
  ee           = {http://springerlink.metapress.com/openurl.asp?genre=article{\&}issn=0302-9743{\&}volume=3077{\&}spage=243},
}

@INPROCEEDINGS{DidaciG04,
  author       = {Luca Didaci and
                  Giorgio Giacinto},
  title        = {Dynamic Classifier Selection by Adaptive k-Nearest-Neighbourhood
                  Rule.},
  booktitle    = {Multiple Classifier Systems},
  year         = 2004,
  pages        = {174-183},
  ee           = {http://springerlink.metapress.com/openurl.asp?genre=article{\&}issn=0302-9743{\&}volume=3077{\&}spage=174},
}

@INPROCEEDINGS{DiegoMM04,
  author       = {Isaac Mart\'{\i}n de Diego and
                  Javier M. Moguerza and
                  Alberto Mu{\~n}oz},
  title        = {Combining Kernel Information for Support Vector Classification.},
  booktitle    = {Multiple Classifier Systems},
  year         = 2004,
  pages        = {102-111},
  ee           = {http://springerlink.metapress.com/openurl.asp?genre=article{\&}issn=0302-9743{\&}volume=3077{\&}spage=102},
}

@INPROCEEDINGS{EstruchFHR04,
  author       = {Vicent Estruch and
                  C{\'e}sar Ferri and
                  Jos{\'e} Hern{\'a}ndez-Orallo and
                  M. Jos{\'e} Ram\'{\i}rez-Quintana},
  title        = {Bagging Decision Multi-trees.},
  booktitle    = {Multiple Classifier Systems},
  year         = 2004,
  pages        = {41-51},
  ee           = {http://springerlink.metapress.com/openurl.asp?genre=article{\&}issn=0302-9743{\&}volume=3077{\&}spage=41},
}

@INPROCEEDINGS{GunterB04,
  author       = {Simon G{\"u}nter and
                  Horst Bunke},
  title        = {Ensembles of Classifiers Derived from Multiple Prototypes
                  and Their Application to Handwriting Recognition.},
  booktitle    = {Multiple Classifier Systems},
  year         = 2004,
  pages        = {314-323},
  ee           = {http://springerlink.metapress.com/openurl.asp?genre=article{\&}issn=0302-9743{\&}volume=3077{\&}spage=314},
}

@INPROCEEDINGS{Hernandez-EspinosaFT04,
  author       = {Carlos Hern{\'a}ndez-Espinosa and
                  Mercedes Fern{\'a}ndez-Redondo and
                  Joaqu\'{\i}n Torres-Sospedra},
  title        = {First Experiments on Ensembles of Radial Basis Functions.},
  booktitle    = {Multiple Classifier Systems},
  year         = 2004,
  pages        = {253-262},
  ee           = {http://springerlink.metapress.com/openurl.asp?genre=article{\&}issn=0302-9743{\&}volume=3077{\&}spage=253},
}

@INPROCEEDINGS{JuszczakD04,
  author       = {Piotr Juszczak and
                  Robert P. W. Duin},
  title        = {Combining One-Class Classifiers to Classify Missing Data.},
  booktitle    = {Multiple Classifier Systems},
  year         = 2004,
  pages        = {92-101},
  ee           = {http://springerlink.metapress.com/openurl.asp?genre=article{\&}issn=0302-9743{\&}volume=3077{\&}spage=92},
}

@INPROCEEDINGS{Kang04,
  author       = {Hee-Joong Kang},
  title        = {Combining Classifiers Using Dependency-Based Product Approximation
                  with Bayes Error Rate.},
  booktitle    = {Multiple Classifier Systems},
  year         = 2004,
  pages        = {112-121},
  ee           = {http://springerlink.metapress.com/openurl.asp?genre=article{\&}issn=0302-9743{\&}volume=3077{\&}spage=112},
}

@INPROCEEDINGS{KittlerS04,
  author       = {Josef Kittler and
                  Mohammad Sadeghi},
  title        = {Physics-Based Decorrelation of Image Data for Decision Level
                  Fusion in Face Verification.},
  booktitle    = {Multiple Classifier Systems},
  year         = 2004,
  pages        = {354-363},
  ee           = {http://springerlink.metapress.com/openurl.asp?genre=article{\&}issn=0302-9743{\&}volume=3077{\&}spage=354},
}

@INPROCEEDINGS{Kuncheva04,
  author       = {Ludmila I. Kuncheva},
  title        = {Classifier Ensembles for Changing Environments.},
  booktitle    = {Multiple Classifier Systems},
  year         = 2004,
  pages        = {1-15},
  ee           = {http://springerlink.metapress.com/openurl.asp?genre=article{\&}issn=0302-9743{\&}volume=3077{\&}spage=1},
}

@INPROCEEDINGS{MarcialisR04,
  author       = {Gian Luca Marcialis and
                  Fabio Roli},
  title        = {High Security Fingerprint Verification by Perceptron-Based
                  Fusion of Multiple Matchers.},
  booktitle    = {Multiple Classifier Systems},
  year         = 2004,
  pages        = {364-373},
  ee           = {http://springerlink.metapress.com/openurl.asp?genre=article{\&}issn=0302-9743{\&}volume=3077{\&}spage=364},
}

@INPROCEEDINGS{MarroccoT04,
  author       = {Claudio Marrocco and
                  Francesco Tortorella},
  title        = {A Method for Designing Cost-Sensitive ECOC.},
  booktitle    = {Multiple Classifier Systems},
  year         = 2004,
  pages        = {204-213},
  ee           = {http://springerlink.metapress.com/openurl.asp?genre=article{\&}issn=0302-9743{\&}volume=3077{\&}spage=204},
}

@INPROCEEDINGS{MelvilleSMM04,
  author       = {Prem Melville and
                  Nishit Shah and
                  Lilyana Mihalkova and
                  Raymond J. Mooney},
  title        = {Experiments on Ensembles with Missing and Noisy Data.},
  booktitle    = {Multiple Classifier Systems},
  year         = 2004,
  pages        = {293-302},
  ee           = {http://springerlink.metapress.com/openurl.asp?genre=article{\&}issn=0302-9743{\&}volume=3077{\&}spage=293},
}

@INPROCEEDINGS{MuhlbaierTP04,
  author       = {Michael Muhlbaier and
                  Apostolos Topalis and
                  Robi Polikar},
  title        = {Learn++.MT: A New Approach to Incremental Learning.},
  booktitle    = {Multiple Classifier Systems},
  year         = 2004,
  pages        = {52-61},
  ee           = {http://springerlink.metapress.com/openurl.asp?genre=article{\&}issn=0302-9743{\&}volume=3077{\&}spage=52},
}

@INPROCEEDINGS{Oza04,
  author       = {Nikunj C. Oza},
  title        = {AveBoost2: Boosting for Noisy Data.},
  booktitle    = {Multiple Classifier Systems},
  year         = 2004,
  pages        = {31-40},
  ee           = {http://springerlink.metapress.com/openurl.asp?genre=article{\&}issn=0302-9743{\&}volume=3077{\&}spage=31},
}

@INPROCEEDINGS{PekalskaSD04,
  author       = {Elzbieta Pekalska and
                  Marina Skurichina and
                  Robert P. W. Duin},
  title        = {Combining Dissimilarity-Based One-Class Classifiers.},
  booktitle    = {Multiple Classifier Systems},
  year         = 2004,
  pages        = {122-133},
  ee           = {http://springerlink.metapress.com/openurl.asp?genre=article{\&}issn=0302-9743{\&}volume=3077{\&}spage=122},
}

@INPROCEEDINGS{RahmanTKA04,
  author       = {Fuad Rahman and
                  Yuliya Tarnikova and
                  Aman Kumar and
                  Hassan Alam},
  title        = {Second Guessing a Commercial 'Black Box' Classifier by an
                  'In House' Classifier: Serial Classifier Combination in
                  a Speech Recognition Application.},
  booktitle    = {Multiple Classifier Systems},
  year         = 2004,
  pages        = {374-383},
  ee           = {http://springerlink.metapress.com/openurl.asp?genre=article{\&}issn=0302-9743{\&}volume=3077{\&}spage=374},
}

@INPROCEEDINGS{RajanG04,
  author       = {Suju Rajan and
                  Joydeep Ghosh},
  title        = {An Empirical Comparison of Hierarchical vs. Two-Level Approaches
                  to Multiclass Problems.},
  booktitle    = {Multiple Classifier Systems},
  year         = 2004,
  pages        = {283-292},
  ee           = {http://springerlink.metapress.com/openurl.asp?genre=article{\&}issn=0302-9743{\&}volume=3077{\&}spage=283},
}

@INPROCEEDINGS{Rao04,
  author       = {Nageswara S. V. Rao},
  title        = {A Generic Sensor Fusion Problem: Classification and Function
                  Estimation.},
  booktitle    = {Multiple Classifier Systems},
  year         = 2004,
  pages        = {16-30},
  ee           = {http://springerlink.metapress.com/openurl.asp?genre=article{\&}issn=0302-9743{\&}volume=3077{\&}spage=16},
}

@INPROCEEDINGS{RaudysI04,
  author       = {Sarunas Raudys and
                  Masakazu Iwamura},
  title        = {Multiple Classifiers System for Reducing Influences of Atypical
                  Observations.},
  booktitle    = {Multiple Classifier Systems},
  year         = 2004,
  pages        = {233-242},
  ee           = {http://springerlink.metapress.com/openurl.asp?genre=article{\&}issn=0302-9743{\&}volume=3077{\&}spage=233},
}

@PROCEEDINGS{mcs2004,
  editor       = {Fabio Roli and
                  Josef Kittler and
                  Terry Windeatt},
  title        = {Multiple Classifier Systems, 5th International Workshop,
                  MCS 2004, Cagliari, Italy, June 9-11, 2004, Proceedings},
  booktitle    = {Multiple Classifier Systems},
  publisher    = {Springer},
  series       = {Lecture Notes in Computer Science},
  volume       = 3077,
  year         = 2004,
  isbn         = {3-540-22144-1},
  bibsource    = {DBLP, http://dblp.uni-trier.de},
}

@INPROCEEDINGS{RooneyPAT04,
  author       = {Niall Rooney and
                  David W. Patterson and
                  Sarab S. Anand and
                  Alexey Tsymbal},
  title        = {Dynamic Integration of Regression Models.},
  booktitle    = {Multiple Classifier Systems},
  year         = 2004,
  pages        = {164-173},
  ee           = {http://springerlink.metapress.com/openurl.asp?genre=article{\&}issn=0302-9743{\&}volume=3077{\&}spage=164},
}

@INPROCEEDINGS{SaerensF04,
  author       = {Marco Saerens and
                  Francois Fouss},
  title        = {Yet Another Method for Combining Classifiers Outputs: A
                  Maximum Entropy Approach.},
  booktitle    = {Multiple Classifier Systems},
  year         = 2004,
  pages        = {82-91},
  ee           = {http://springerlink.metapress.com/openurl.asp?genre=article{\&}issn=0302-9743{\&}volume=3077{\&}spage=82},
}

@INPROCEEDINGS{SchenkerBLK04,
  author       = {Adam Schenker and
                  Horst Bunke and
                  Mark Last and
                  Abraham Kandel},
  title        = {Building Graph-Based Classifier Ensembles by Random Node
                  Selection.},
  booktitle    = {Multiple Classifier Systems},
  year         = 2004,
  pages        = {214-222},
  ee           = {http://springerlink.metapress.com/openurl.asp?genre=article{\&}issn=0302-9743{\&}volume=3077{\&}spage=214},
}

@INPROCEEDINGS{SvetnikLTW04,
  author       = {Vladimir Svetnik and
                  Andy Liaw and
                  Christopher Tong and
                  Ting Wang},
  title        = {Application of Breiman's Random Forest to Modeling Structure-Activity
                  Relationships of Pharmaceutical Molecules.},
  booktitle    = {Multiple Classifier Systems},
  year         = 2004,
  pages        = {334-343},
  ee           = {http://springerlink.metapress.com/openurl.asp?genre=article{\&}issn=0302-9743{\&}volume=3077{\&}spage=334},
}

@INPROCEEDINGS{TapiaGHG04,
  author       = {Elizabeth Tapia and
                  Jos{\'e} Carlos Gonz{\'a}lez and
                  Alexander H{\"u}termann and
                  L. Javier Garc\'{\i}a-Villalba},
  title        = {Beyond Boosting: Recursive ECOC Learning Machines.},
  booktitle    = {Multiple Classifier Systems},
  year         = 2004,
  pages        = {62-71},
  ee           = {http://springerlink.metapress.com/openurl.asp?genre=article{\&}issn=0302-9743{\&}volume=3077{\&}spage=62},
}

@INPROCEEDINGS{Valentini04,
  author       = {Giorgio Valentini},
  title        = {Random Aggregated and Bagged Ensembles of SVMs: An Empirical
                  Bias?Variance Analysis.},
  booktitle    = {Multiple Classifier Systems},
  year         = 2004,
  pages        = {263-272},
  ee           = {http://springerlink.metapress.com/openurl.asp?genre=article{\&}issn=0302-9743{\&}volume=3077{\&}spage=263},
}

@INPROCEEDINGS{WangT04,
  author       = {Xiaogang Wang and
                  Xiaoou Tang},
  title        = {Experimental Study on Multiple LDA Classifier Combination
                  for High Dimensional Data Classification.},
  booktitle    = {Multiple Classifier Systems},
  year         = 2004,
  pages        = {344-353},
  ee           = {http://springerlink.metapress.com/openurl.asp?genre=article{\&}issn=0302-9743{\&}volume=3077{\&}spage=344},
}

@INPROCEEDINGS{Windeatt04,
  author       = {Terry Windeatt},
  title        = {Spectral Measure for Multi-class Problems.},
  booktitle    = {Multiple Classifier Systems},
  year         = 2004,
  pages        = {184-193},
  ee           = {http://springerlink.metapress.com/openurl.asp?genre=article{\&}issn=0302-9743{\&}volume=3077{\&}spage=184},
}

@INPROCEEDINGS{WindridgeB04,
  author       = {David Windridge and
                  Richard Bowden},
  title        = {Induced Decision Fusion in Automated Sign Language Interpretation:
                  Using ICA to Isolate the Underlying Components of Sign.},
  booktitle    = {Multiple Classifier Systems},
  year         = 2004,
  pages        = {303-313},
  ee           = {http://springerlink.metapress.com/openurl.asp?genre=article{\&}issn=0302-9743{\&}volume=3077{\&}spage=303},
}

@INPROCEEDINGS{WindridgePK04,
  author       = {David Windridge and
                  Robin Patenall and
                  Josef Kittler},
  title        = {The Relationship between Classifier Factorisation and Performance
                  in Stochastic Vector Quantisation.},
  booktitle    = {Multiple Classifier Systems},
  year         = 2004,
  pages        = {194-203},
  ee           = {http://springerlink.metapress.com/openurl.asp?genre=article{\&}issn=0302-9743{\&}volume=3077{\&}spage=194},
}

@INPROCEEDINGS{ZouariHLA04,
  author       = {H{\'e}la Zouari and
                  Laurent Heutte and
                  Yves Lecourtier and
                  Adel M. Alimi},
  title        = {Building Diverse Classifier Outputs to Evaluate the Behavior
                  of Combination Methods: The Case of Two Classifiers.},
  booktitle    = {Multiple Classifier Systems},
  year         = 2004,
  pages        = {273-282},
  ee           = {http://springerlink.metapress.com/openurl.asp?genre=article{\&}issn=0302-9743{\&}volume=3077{\&}spage=273},
}
