


#MCS05

@INPROCEEDINGS{AyadK05,
  author       = {Hanan Ayad and
                  Mohamed S. Kamel},
  title        = {Cluster-Based Cumulative Ensembles.},
  booktitle    = {Multiple Classifier Systems},
  year         = 2005,
  pages        = {236-245},
  ee           = {http://dx.doi.org/10.1007/11494683_24},
}

@INPROCEEDINGS{BanfieldHBK05,
  author       = {Robert E. Banfield and
                  Lawrence O. Hall and
                  Kevin W. Bowyer and
                  W. Philip Kegelmeyer},
  title        = {Ensembles of Classifiers from Spatially Disjoint Data.},
  booktitle    = {Multiple Classifier Systems},
  year         = 2005,
  pages        = {196-205},
  ee           = {http://dx.doi.org/10.1007/11494683_20},
}

@INPROCEEDINGS{BonissoneEG05,
  author       = {Piero P. Bonissone and
                  Neil Eklund and
                  Kai Goebel},
  title        = {Using an Ensemble of Classifiers to Audit a Production Classifier.},
  booktitle    = {Multiple Classifier Systems},
  year         = 2005,
  pages        = {376-386},
  ee           = {http://dx.doi.org/10.1007/11494683_38},
}

@INPROCEEDINGS{BrownWS05,
  author       = {Gavin Brown and
                  Jeremy L. Wyatt and
                  Ping Sun},
  title        = {Between Two Extremes: Examining Decompositions of the Ensemble
                  Objective Function.},
  booktitle    = {Multiple Classifier Systems},
  year         = 2005,
  pages        = {296-305},
  ee           = {http://dx.doi.org/10.1007/11494683_30},
}

@INPROCEEDINGS{ChawlaB05,
  author       = {Nitesh V. Chawla and
                  Kevin W. Bowyer},
  title        = {Designing Multiple Classifier Systems for Face Recognition.},
  booktitle    = {Multiple Classifier Systems},
  year         = 2005,
  pages        = {407-416},
  ee           = {http://dx.doi.org/10.1007/11494683_41},
}

@INPROCEEDINGS{ChenK05,
  author       = {Lei Chen and
                  Mohamed S. Kamel},
  title        = {Design of Multiple Classifier Systems for Time Series Data.},
  booktitle    = {Multiple Classifier Systems},
  year         = 2005,
  pages        = {216-225},
  ee           = {http://dx.doi.org/10.1007/11494683_22},
}

@INPROCEEDINGS{ChindaroSF05,
  author       = {Samuel Chindaro and
                  Konstantinos Sirlantzis and
                  Michael C. Fairhurst},
  title        = {Analysis and Modelling of Diversity Contribution to Ensemble-Based
                  Texture Recognition Performance.},
  booktitle    = {Multiple Classifier Systems},
  year         = 2005,
  pages        = {387-396},
  ee           = {http://dx.doi.org/10.1007/11494683_39},
}

@INPROCEEDINGS{DaraMK05,
  author       = {Rozita A. Dara and
                  Masoud Makrehchi and
                  Mohamed S. Kamel},
  title        = {Data Partitioning Evaluation Measures for Classifier Ensembles.},
  booktitle    = {Multiple Classifier Systems},
  year         = 2005,
  pages        = {306-315},
  ee           = {http://dx.doi.org/10.1007/11494683_31},
}

@INPROCEEDINGS{DuanK05,
  author       = {Kai-Bo Duan and
                  S. Sathiya Keerthi},
  title        = {Which Is the Best Multiclass SVM Method? An Empirical Study.},
  booktitle    = {Multiple Classifier Systems},
  year         = 2005,
  pages        = {278-285},
  ee           = {http://dx.doi.org/10.1007/11494683_28},
}

@INPROCEEDINGS{ErdemPGY05,
  author       = {Zeki Erdem and
                  Robi Polikar and
                  Fikret S. G{\"u}rgen and
                  Nejat Yumusak},
  title        = {Ensemble of SVMs for Incremental Learning.},
  booktitle    = {Multiple Classifier Systems},
  year         = 2005,
  pages        = {246-256},
  ee           = {http://dx.doi.org/10.1007/11494683_25},
}

@INPROCEEDINGS{ErdoganEEBEKA05,
  author       = {Hakan Erdogan and
                  Aytal Er\c{c}il and
                  Hazim Kemal Ekenel and
                  S. Y. Bilgin and
                  Ibrahim Eden and
                  Meltem Kiris\c{c}i and
                  Huseyin Abut},
  title        = {Multi-modal Person Recognition for Vehicular Applications.},
  booktitle    = {Multiple Classifier Systems},
  year         = 2005,
  pages        = {366-375},
  ee           = {http://dx.doi.org/10.1007/11494683_37},
}

@INPROCEEDINGS{Fierrez-AguilarGOG05,
  author       = {Julian Fi{\'e}rrez-Aguilar and
                  Daniel Garcia-Romero and
                  Javier Ortega-Garcia and
                  Joaquin Gonzalez-Rodriguez},
  title        = {Speaker Verification Using Adapted User-Dependent Multilevel
                  Fusion.},
  booktitle    = {Multiple Classifier Systems},
  year         = 2005,
  pages        = {356-365},
  ee           = {http://dx.doi.org/10.1007/11494683_36},
}

@INPROCEEDINGS{FumeraRS05,
  author       = {Giorgio Fumera and
                  Fabio Roli and
                  Alessandra Serrau},
  title        = {Dynamics of Variance Reduction in Bagging and Other Techniques
                  Based on Randomisation.},
  booktitle    = {Multiple Classifier Systems},
  year         = 2005,
  pages        = {316-325},
  ee           = {http://dx.doi.org/10.1007/11494683_32},
}

@INPROCEEDINGS{Gal-OrMS05,
  author       = {Mordechai Gal-Or and
                  Jerrold H. May and
                  William E. Spangler},
  title        = {Using Decision Tree Models and Diversity Measures in the
                  Selection of Ensemble Classification Models.},
  booktitle    = {Multiple Classifier Systems},
  year         = 2005,
  pages        = {186-195},
  ee           = {http://dx.doi.org/10.1007/11494683_19},
}

@INPROCEEDINGS{HessKK05,
  author       = {Andreas He{\ss} and
                  Rinat Khoussainov and
                  Nicholas Kushmerick},
  title        = {Ensemble Learning with Biased Classifiers: The Triskel Algorithm.},
  booktitle    = {Multiple Classifier Systems},
  year         = 2005,
  pages        = {226-235},
  ee           = {http://dx.doi.org/10.1007/11494683_23},
}

@INPROCEEDINGS{KapoorAP05,
  author       = {Ashish Kapoor and
                  Hyungil Ahn and
                  Rosalind W. Picard},
  title        = {Mixture of Gaussian Processes for Combining Multiple Modalities.},
  booktitle    = {Multiple Classifier Systems},
  year         = 2005,
  pages        = {86-96},
  ee           = {http://dx.doi.org/10.1007/11494683_9},
}

@INPROCEEDINGS{KimK05,
  author       = {Eunju Kim and
                  Jaepil Ko},
  title        = {Dynamic Classifier Integration Method.},
  booktitle    = {Multiple Classifier Systems},
  year         = 2005,
  pages        = {97-107},
  ee           = {http://dx.doi.org/10.1007/11494683_10},
}

@INPROCEEDINGS{LandgrebePTD05,
  author       = {Thomas Landgrebe and
                  Pavel Pacl\'{\i}k and
                  David M. J. Tax and
                  Robert P. W. Duin},
  title        = {Optimising Two-Stage Recognition Systems.},
  booktitle    = {Multiple Classifier Systems},
  year         = 2005,
  pages        = {206-215},
  ee           = {http://dx.doi.org/10.1007/11494683_21},
}

@INPROCEEDINGS{LeiG05,
  author       = {Hansheng Lei and
                  Venu Govindaraju},
  title        = {Half-Against-Half Multi-class Support Vector Machines.},
  booktitle    = {Multiple Classifier Systems},
  year         = 2005,
  pages        = {156-164},
  ee           = {http://dx.doi.org/10.1007/11494683_16},
}

@INPROCEEDINGS{LiCFK05,
  author       = {Peng Li and
                  Kap Luk Chan and
                  Sheng Fu and
                  Shankar Muthu Krishnan},
  title        = {An Abnormal ECG Beat Detection Approach for Long-Term Monitoring
                  of Heart Patients Based on Hybrid Kernel Machine Ensemble.},
  booktitle    = {Multiple Classifier Systems},
  year         = 2005,
  pages        = {346-355},
  ee           = {http://dx.doi.org/10.1007/11494683_35},
}

@inproceedings{MelnikVZ05,
  author       = {Ofer Melnik and
                  Yehuda Vardi and
                  Cun-Hui Zhang},
  title        = {A Probability Model for Combining Ranks.},
  booktitle    = {Multiple Classifier Systems},
  year         = 2005,
  pages        = {64-73},
  ee           = {http://dx.doi.org/10.1007/11494683_7},
}

@INPROCEEDINGS{MuhlbaierTP05,
  author       = {Michael Muhlbaier and
                  Apostolos Topalis and
                  Robi Polikar},
  title        = {Ensemble Confidence Estimates Posterior Probability.},
  booktitle    = {Multiple Classifier Systems},
  year         = 2005,
  pages        = {326-335},
  ee           = {http://dx.doi.org/10.1007/11494683_33},
}

@INPROCEEDINGS{Narasimhamurthy05,
  author       = {Anand M. Narasimhamurthy},
  title        = {Evaluation of Diversity Measures for Binary Classifier Ensembles.},
  booktitle    = {Multiple Classifier Systems},
  year         = 2005,
  pages        = {267-277},
  ee           = {http://dx.doi.org/10.1007/11494683_27},
}

@INPROCEEDINGS{NishidaK05,
  author       = {Kenji Nishida and
                  Takio Kurita},
  title        = {Boosting Soft-Margin SVM with Feature Selection for Pedestrian
                  Detection.},
  booktitle    = {Multiple Classifier Systems},
  year         = 2005,
  pages        = {22-31},
  ee           = {http://dx.doi.org/10.1007/11494683_3},
}

@INPROCEEDINGS{NishidaYO05,
  author       = {Kyosuke Nishida and
                  Koichiro Yamauchi and
                  Takashi Omori},
  title        = {ACE: Adaptive Classifiers-Ensemble System for Concept-Drifting
                  Environments.},
  booktitle    = {Multiple Classifier Systems},
  year         = 2005,
  pages        = {176-185},
  ee           = {http://dx.doi.org/10.1007/11494683_18},
}

@INPROCEEDINGS{PaclikLTD05,
  author       = {Pavel Pacl\'{\i}k and
                  Thomas Landgrebe and
                  David M. J. Tax and
                  Robert P. W. Duin},
  title        = {On Deriving the Second-Stage Training Set for Trainable
                  Combiners.},
  booktitle    = {Multiple Classifier Systems},
  year         = 2005,
  pages        = {136-146},
  ee           = {http://dx.doi.org/10.1007/11494683_14},
}

@INPROCEEDINGS{PatenallWK05,
  author       = {Robin Patenall and
                  David Windridge and
                  Josef Kittler},
  title        = {Multiple Classifier Fusion Performance in Networked Stochastic
                  Vector Quantisers.},
  booktitle    = {Multiple Classifier Systems},
  year         = 2005,
  pages        = {128-135},
  ee           = {http://dx.doi.org/10.1007/11494683_13},
}

@INPROCEEDINGS{PohB05,
  author       = {Norman Poh and
                  Samy Bengio},
  title        = {EER of Fixed and Trainable Fusion Classifiers: A Theoretical
                  Study with Application to Biometric Authentication Tasks.},
  booktitle    = {Multiple Classifier Systems},
  year         = 2005,
  pages        = {74-85},
  ee           = {http://dx.doi.org/10.1007/11494683_8},
}

@INPROCEEDINGS{PranckevicieneBS05,
  author       = {Erinija Pranckeviciene and
                  Richard Baumgartner and
                  Ray L. Somorjai},
  title        = {Using Domain Knowledge for in the Random Subspace Method:
                  Application: Application to the Classification of Biomedical
                  Spectra.},
  booktitle    = {Multiple Classifier Systems},
  year         = 2005,
  pages        = {336-345},
  ee           = {http://dx.doi.org/10.1007/11494683_34},
}

@INPROCEEDINGS{PriorW05,
  author       = {Matthew Prior and
                  Terry Windeatt},
  title        = {Over-Fitting in Ensembles of Neural Network Classifiers
                  Within ECOC Frameworks.},
  booktitle    = {Multiple Classifier Systems},
  year         = 2005,
  pages        = {286-295},
  ee           = {http://dx.doi.org/10.1007/11494683_29},
}

@INPROCEEDINGS{RajanG05,
  author       = {Suju Rajan and
                  Joydeep Ghosh},
  title        = {Exploiting Class Hierarchies for Knowledge Transfer in Hyperspectral
                  Data.},
  booktitle    = {Multiple Classifier Systems},
  year         = 2005,
  pages        = {417-427},
  ee           = {http://dx.doi.org/10.1007/11494683_42},
}

@INPROCEEDINGS{RedpathL05,
  author       = {D. B. Redpath and
                  K. Lebart},
  title        = {Observations on Boosting Feature Selection.},
  booktitle    = {Multiple Classifier Systems},
  year         = 2005,
  pages        = {32-41},
  ee           = {http://dx.doi.org/10.1007/11494683_4},
}

@INPROCEEDINGS{Roli05,
  author       = {Fabio Roli},
  title        = {Semi-supervised Multiple Classifier Systems: Background
                  and Research Directions.},
  booktitle    = {Multiple Classifier Systems},
  year         = 2005,
  pages        = {1-11},
  ee           = {http://dx.doi.org/10.1007/11494683_1},
}

@INPROCEEDINGS{SantoPSV05,
  author       = {Massimo De Santo and
                  Gennaro Percannella and
                  Carlo Sansone and
                  Mario Vento},
  title        = {Combining Audio-Based and Video-Based Shot Classification
                  Systems for News Videos Segmentation.},
  booktitle    = {Multiple Classifier Systems},
  year         = 2005,
  pages        = {397-406},
  ee           = {http://dx.doi.org/10.1007/11494683_40},
}

@INPROCEEDINGS{SkurichinaD05,
  author       = {Marina Skurichina and
                  Robert P. W. Duin},
  title        = {Combining Feature Subsets in Feature Selection.},
  booktitle    = {Multiple Classifier Systems},
  year         = 2005,
  pages        = {165-175},
  ee           = {http://dx.doi.org/10.1007/11494683_17},
}

@INPROCEEDINGS{SmithW05,
  author       = {R. S. Smith and
                  Terry Windeatt},
  title        = {Decoding Rules for Error Correcting Output Code Ensembles.},
  booktitle    = {Multiple Classifier Systems},
  year         = 2005,
  pages        = {53-63},
  ee           = {http://dx.doi.org/10.1007/11494683_6},
}

@INPROCEEDINGS{TapiaSG05,
  author       = {Elizabeth Tapia and
                  Esteban Serra and
                  Jos{\'e} Carlos Gonz{\'a}lez},
  title        = {Recursive ECOC for Microarray Data Classification.},
  booktitle    = {Multiple Classifier Systems},
  year         = 2005,
  pages        = {108-117},
  ee           = {http://dx.doi.org/10.1007/11494683_11},
}

@INPROCEEDINGS{ThielSP05,
  author       = {Christian Thiel and
                  Friedhelm Schwenker and
                  G{\"u}nther Palm},
  title        = {Using Dempster-Shafer Theory in MCF Systems to Reject Samples.},
  booktitle    = {Multiple Classifier Systems},
  year         = 2005,
  pages        = {118-127},
  ee           = {http://dx.doi.org/10.1007/11494683_12},
}

@INPROCEEDINGS{TianYH05,
  author       = {Qi Tian and
                  Jie Yu and
                  Thomas S. Huang},
  title        = {Boosting Multiple Classifiers Constructed by Hybrid Discriminant
                  Analysis.},
  booktitle    = {Multiple Classifier Systems},
  year         = 2005,
  pages        = {42-52},
  ee           = {http://dx.doi.org/10.1007/11494683_5},
}

@INPROCEEDINGS{TulyakovG05,
  author       = {Sergey Tulyakov and
                  Venu Govindaraju},
  title        = {Using Independence Assumption to Improve Multimodal Biometric
                  Fusion.},
  booktitle    = {Multiple Classifier Systems},
  year         = 2005,
  pages        = {147-155},
  ee           = {http://dx.doi.org/10.1007/11494683_15},
}

@INPROCEEDINGS{WangZL05,
  author       = {Fei Wang and
                  Changshui Zhang and
                  Naijiang Lu},
  title        = {Boosting GMM and Its Two Applications.},
  booktitle    = {Multiple Classifier Systems},
  year         = 2005,
  pages        = {12-21},
  ee           = {http://dx.doi.org/10.1007/11494683_2},
}

@INPROCEEDINGS{YangQ05,
  author       = {Li-ying Yang and
                  Zheng Qin},
  title        = {Design of a New Classifier Simulator.},
  booktitle    = {Multiple Classifier Systems},
  year         = 2005,
  pages        = {257-266},
  ee           = {http://dx.doi.org/10.1007/11494683_26},
}
