



#MCS00

@inproceedings{Benediktsson00Consensus,
  author       = {Jon Benediktsson and Johannes R. Sveinsson},
  title        = {Consensus Based Classification of Multisource Remote Sensing
                  Data.},
  booktitle    = {Multiple Classifier Systems},
  year         = 2000,
  pages        = {280-289},
  ee           = {http://link.springer.de/link/service/series/0558/bibs/1857/18570280.htm},
}

@inproceedings{Bruzzone00Combining,
  author       = {Lorenzo Bruzzone and Roberto Cossu and Diego Fern{\'a}ndez
                  Prieto},
  title        = {Combining Parametric and Nonparametric Classifiers for an
                  Unsupervised Updating of Land-Cover Maps.},
  booktitle    = {Multiple Classifier Systems},
  year         = 2000,
  pages        = {290-299},
  ee           = {http://link.springer.de/link/service/series/0558/bibs/1857/18570290.htm},
}

@inproceedings{Cappelli00Combining,
  author       = {Raffaele Cappelli and Dario Maio and Davide Maltoni},
  title        = {Combining Fingerprint Classifiers.},
  booktitle    = {Multiple Classifier Systems},
  year         = 2000,
  pages        = {351-361},
  ee           = {http://link.springer.de/link/service/series/0558/bibs/1857/18570351.htm},
}

@INPROCEEDINGS{Cohen00Hybrid,
  author       = {Shimon Cohen and Nathan Intrator},
  title        = {A Hybrid Projection Based and Radial Basis Function
                  Architecture.},
  booktitle    = {Multiple Classifier Systems},
  year         = 2000,
  pages        = {147-156},
  ee           = {http://link.springer.de/link/service/series/0558/bibs/1857/18570147.htm},
}

@INPROCEEDINGS{Conversano00Supervised,
  author       = {Claudio Conversano and Roberta Siciliano and Francesco Mola},
  title        = {Supervised Classifier Combination through Generalized
                  Additive Multi-model.},
  booktitle    = {Multiple Classifier Systems},
  year         = 2000,
  pages        = {167-176},
  ee           = {http://link.springer.de/link/service/series/0558/bibs/1857/18570167.htm},
}

@INPROCEEDINGS{Cordella00Cascaded,
  author       = {Luigi P. Cordella and Pasquale Foggia and Carlo Sansone and
                  Francesco Tortorella and Mario Vento},
  title        = {A Cascaded Multiple Expert System for Verification.},
  booktitle    = {Multiple Classifier Systems},
  year         = 2000,
  pages        = {330-339},
  ee           = {http://link.springer.de/link/service/series/0558/bibs/1857/18570330.htm},
}

@INPROCEEDINGS{Dietterich00Ensemble,
  author       = {Thomas G. Dietterich},
  title        = {Ensemble Methods in Machine Learning.},
  booktitle    = {Multiple Classifier Systems},
  year         = 2000,
  pages        = {1-15},
  ee           = {http://link.springer.de/link/service/series/0558/bibs/1857/18570001.htm},
}

@INPROCEEDINGS{Diez00Applying,
  author       = {Juan J. Rodr\'{\i}guez Diez and Carlos Alonso Gonz{\'a}lez},
  title        = {Applying Boosting to Similarity Literals for Time Series
                  Classification.},
  booktitle    = {Multiple Classifier Systems},
  year         = 2000,
  pages        = {210-219},
  ee           = {http://link.springer.de/link/service/series/0558/bibs/1857/18570210.htm},
}

@INPROCEEDINGS{Duin00Experiments,
  author       = {Robert P. W. Duin and David M. J. Tax},
  title        = {Experiments with Classifier Combining Rules.},
  booktitle    = {Multiple Classifier Systems},
  year         = 2000,
  pages        = {16-29},
  ee           = {http://link.springer.de/link/service/series/0558/bibs/1857/18570016.htm},
}

@INPROCEEDINGS{Fanelli00Modular,
  author       = {Anna Maria Fanelli and Giovanna Castellano and C. Alessandro
                  Buscicchio},
  title        = {A Modular Neuro-Fuzzy Network for Musical Instruments
                  Classification.},
  booktitle    = {Multiple Classifier Systems},
  year         = 2000,
  pages        = {372-382},
  ee           = {http://link.springer.de/link/service/series/0558/bibs/1857/18570372.htm},
}

@INPROCEEDINGS{Froeba00Statistical,
  author       = {Bernhard Fr{\"o}ba and Constanze Rothe and Christian
                  K{\"u}blbeck},
  title        = {Statistical Sensor Calibration for Fusion of Different
                  Classifiers in a Biometric Person Recognition Framework.},
  booktitle    = {Multiple Classifier Systems},
  year         = 2000,
  pages        = {362-371},
  ee           = {http://link.springer.de/link/service/series/0558/bibs/1857/18570362.htm},
}

@INPROCEEDINGS{Furlanello00Boosting,
  author       = {Cesare Furlanello and Stefano Merler},
  title        = {Boosting of Tree-Based Classifiers for Predictive Risk
                  Modeling in GIS.},
  booktitle    = {Multiple Classifier Systems},
  year         = 2000,
  pages        = {220-229},
  ee           = {http://link.springer.de/link/service/series/0558/bibs/1857/18570220.htm},
}

@INPROCEEDINGS{Giacinto00Dynamic,
  author       = {Giorgio Giacinto and Fabio Roli},
  title        = {Dynamic Classifier Selection.},
  booktitle    = {Multiple Classifier Systems},
  year         = 2000,
  pages        = {177-189},
  ee           = {http://link.springer.de/link/service/series/0558/bibs/1857/18570177.htm},
}

@INPROCEEDINGS{Griffith00Self,
  author       = {Niall Griffith and Derek Partridge},
  title        = {Self-Organizing Decomposition of Functions in the Context of
                  a Unified Framework for Multiple Classifier Systems.},
  booktitle    = {Multiple Classifier Systems},
  year         = 2000,
  pages        = {250-259},
  ee           = {http://link.springer.de/link/service/series/0558/bibs/1857/18570250.htm},
}

@INPROCEEDINGS{Grim00Combining,
  author       = {Jiri Grim and Josef Kittler and Pavel Pudil and Petr Somol},
  title        = {Combining Multiple Classifiers in Probabilistic Neural
                  Networks.},
  booktitle    = {Multiple Classifier Systems},
  year         = 2000,
  pages        = {157-166},
  ee           = {http://link.springer.de/link/service/series/0558/bibs/1857/18570157.htm},
}

@INPROCEEDINGS{Happel00Analysis,
  author       = {Mark D. Happel and Peter Bock},
  title        = {Analysis of a Fusion Method for Combining Marginal
                  Classifiers.},
  booktitle    = {Multiple Classifier Systems},
  year         = 2000,
  pages        = {137-146},
  ee           = {http://link.springer.de/link/service/series/0558/bibs/1857/18570137.htm},
}

@INPROCEEDINGS{Ho00Complexity,
  author       = {Tin Kam Ho},
  title        = {Complexity of Classification Problems and Comparative
                  Advantages of Combined Classifiers.},
  booktitle    = {Multiple Classifier Systems},
  year         = 2000,
  pages        = {97-106},
  ee           = {http://link.springer.de/link/service/series/0558/bibs/1857/18570097.htm},
}

@INPROCEEDINGS{Ianakiev00Architecture,
  author       = {Krassimir G. Ianakiev and Venu Govindaraju},
  title        = {Architecture for Classifier Combination Using Entropy
                  Measures.},
  booktitle    = {Multiple Classifier Systems},
  year         = 2000,
  pages        = {340-350},
  ee           = {http://link.springer.de/link/service/series/0558/bibs/1857/18570340.htm},
}

@INPROCEEDINGS{Impedovo00Evaluation,
  author       = {Sebastiano Impedovo and A. Salzo},
  title        = {A New Evaluation Method for Expert Combination in
                  Multi-expert System Designing.},
  booktitle    = {Multiple Classifier Systems},
  year         = 2000,
  pages        = {230-239},
  ee           = {http://link.springer.de/link/service/series/0558/bibs/1857/18570230.htm},
}

@INPROCEEDINGS{Jiang00Some,
  author       = {Wenxin Jiang},
  title        = {Some Results on Weakly Accurate Base Learners for Boosting
                  Regression and Classification.},
  booktitle    = {Multiple Classifier Systems},
  year         = 2000,
  pages        = {87-96},
  ee           = {http://link.springer.de/link/service/series/0558/bibs/1857/18570087.htm},
}

@INPROCEEDINGS{Jiang00Classifier,
  author       = {Xiaoyi Jiang and Keren Yu and Horst Bunke},
  title        = {Classifier Combination for Grammar-Guided Sentence
                  Recognition.},
  booktitle    = {Multiple Classifier Systems},
  year         = 2000,
  pages        = {383-392},
  ee           = {http://link.springer.de/link/service/series/0558/bibs/1857/18570383.htm},
}

@PROCEEDINGS{Kittler00Multiple,
  editor       = {Josef Kittler and Fabio Roli},
  title        = {Multiple Classifier Systems, First International Workshop,
                  MCS 2000, Cagliari, Italy, June 21-23, 2000, Proceedings},
  booktitle    = {Multiple Classifier Systems},
  publisher    = {Springer},
  series       = {Lecture Notes in Computer Science},
  volume       = 1857,
  year         = 2000,
  isbn         = {3-540-67704-6},
}

@INPROCEEDINGS{Kleinberg00Mathematically,
  author       = {Eugene M. Kleinberg},
  title        = {A Mathematically Rigorous Foundation for Supervised
                  Learning.},
  booktitle    = {Multiple Classifier Systems},
  year         = 2000,
  pages        = {67-76},
  ee           = {http://link.springer.de/link/service/series/0558/bibs/1857/18570067.htm},
}

@INPROCEEDINGS{Kumar00Hierarchical,
  author       = {Shailesh Kumar and Joydeep Ghosh and Melba M. Crawford},
  title        = {A Hierarchical Multiclassifier System for Hyperspectral Data
                  Analysis.},
  booktitle    = {Multiple Classifier Systems},
  year         = 2000,
  pages        = {270-279},
  ee           = {http://link.springer.de/link/service/series/0558/bibs/1857/18570270.htm},
}

@INPROCEEDINGS{Kumazawa00Shape,
  author       = {Itsuo Kumazawa},
  title        = {Shape Matching and Extraction by an Array of
                  Figure-and-Ground Classifiers.},
  booktitle    = {Multiple Classifier Systems},
  year         = 2000,
  pages        = {393-402},
  ee           = {http://link.springer.de/link/service/series/0558/bibs/1857/18570393.htm},
}

@INPROCEEDINGS{Lam00Classifier,
  author       = {Louisa Lam},
  title        = {Classifier Combinations: Implementations and Theoretical
                  Issues.},
  booktitle    = {Multiple Classifier Systems},
  year         = 2000,
  pages        = {77-86},
  ee           = {http://link.springer.de/link/service/series/0558/bibs/1857/18570077.htm},
}

@INPROCEEDINGS{Latinne00Different,
  author       = {Patrice Latinne and Olivier Debeir and Christine
                  Decaestecker},
  title        = {Different Ways of Weakening Decision Trees and Their Impact
                  on Classification Accuracy of DT Combination.},
  booktitle    = {Multiple Classifier Systems},
  year         = 2000,
  pages        = {200-209},
  ee           = {http://link.springer.de/link/service/series/0558/bibs/1857/18570200.htm},
}

@INPROCEEDINGS{Lecce00Multi,
  author       = {Vincenzo Di Lecce and Giovanni Dimauro and Andrea Guerriero
                  and Sebastiano Impedovo and Giuseppe Pirlo and A. Salzo},
  title        = {A Multi-expert System for Dynamic Signature Verification.},
  booktitle    = {Multiple Classifier Systems},
  year         = 2000,
  pages        = {320-329},
  ee           = {http://link.springer.de/link/service/series/0558/bibs/1857/18570320.htm},
}

@INPROCEEDINGS{Masulli00Effectiveness,
  author       = {Francesco Masulli and Giorgio Valentini},
  title        = {Effectiveness of Error Correcting Output Codes in Multiclass
                  Learning Problems.},
  booktitle    = {Multiple Classifier Systems},
  year         = 2000,
  pages        = {107-116},
  ee           = {http://link.springer.de/link/service/series/0558/bibs/1857/18570107.htm},
}

@INPROCEEDINGS{Pekalska00Combining,
  author       = {Elzbieta Pekalska and Marina Skurichina and Robert P. W.
                  Duin},
  title        = {Combining Fisher Linear Discriminants for Dissimilarity
                  Representations.},
  booktitle    = {Multiple Classifier Systems},
  year         = 2000,
  pages        = {117-126},
  ee           = {http://link.springer.de/link/service/series/0558/bibs/1857/18570117.htm},
}

@INPROCEEDINGS{Sharkey00Test,
  author       = {Amanda J. C. Sharkey and Noel E. Sharkey and Uwe Gerecke and
                  Gopinath Odayammadath Chandroth},
  title        = {The "Test and Select" Approach to Ensemble Combination.},
  booktitle    = {Multiple Classifier Systems},
  year         = 2000,
  pages        = {30-44},
  ee           = {http://link.springer.de/link/service/series/0558/bibs/1857/18570030.htm},
}

@INPROCEEDINGS{Skurichina00Boosting,
  author       = {Marina Skurichina and Robert P. W. Duin},
  title        = {Boosting in Linear Discriminant Analysis.},
  booktitle    = {Multiple Classifier Systems},
  year         = 2000,
  pages        = {190-199},
  ee           = {http://link.springer.de/link/service/series/0558/bibs/1857/18570190.htm},
}

@INPROCEEDINGS{Slavik00Lexicon,
  author       = {Petr Slav\'{\i}k and Venu Govindaraju},
  title        = {Use of Lexicon Density in Evaluating Word Recognizers.},
  booktitle    = {Multiple Classifier Systems},
  year         = 2000,
  pages        = {310-319},
  ee           = {http://link.springer.de/link/service/series/0558/bibs/1857/18570310.htm},
}

@INPROCEEDINGS{Srihari00Survey,
  author       = {Sargur N. Srihari},
  title        = {A Survey of Sequential Combination of Word Recognizers in
                  Handwritten Phrase Recognition at CEDAR.},
  booktitle    = {Multiple Classifier Systems},
  year         = 2000,
  pages        = {45-51},
  ee           = {http://link.springer.de/link/service/series/0558/bibs/1857/18570045.htm},
}

@INPROCEEDINGS{Suen00Multiple,
  author       = {Ching Y. Suen and Louisa Lam},
  title        = {Multiple Classifier Combination Methodologies for Different
                  Output Levels.},
  booktitle    = {Multiple Classifier Systems},
  year         = 2000,
  pages        = {52-66},
  ee           = {http://link.springer.de/link/service/series/0558/bibs/1857/18570052.htm},
}

@INPROCEEDINGS{Takahashi00Learning,
  author       = {Katsuhiko Takahashi and Atsushi Sato},
  title        = {A Learning Method of Feature Selection for Rough
                  Classification.},
  booktitle    = {Multiple Classifier Systems},
  year         = 2000,
  pages        = {127-136},
  ee           = {http://link.springer.de/link/service/series/0558/bibs/1857/18570127.htm},
}

@INPROCEEDINGS{Wan00Multiple,
  author       = {Weijian Wan and Donald Fraser},
  title        = {A Multiple Self-Organizing Map Scheme for Remote Sensing
                  Classification.},
  booktitle    = {Multiple Classifier Systems},
  year         = 2000,
  pages        = {300-309},
  ee           = {http://link.springer.de/link/service/series/0558/bibs/1857/18570300.htm},
}

@INPROCEEDINGS{Wang00Diversity,
  author       = {Wenjia Wang and Phillis Jones and Derek Partridge},
  title        = {Diversity between Neural Networks and Decision Trees for
                  Building Multiple Classifier Systems.},
  booktitle    = {Multiple Classifier Systems},
  year         = 2000,
  pages        = {240-249},
  ee           = {http://link.springer.de/link/service/series/0558/bibs/1857/18570240.htm},
}

@INPROCEEDINGS{Windeatt00Classifier,
  author       = {Terry Windeatt},
  title        = {Classifier Instability and Partitioning.},
  booktitle    = {Multiple Classifier Systems},
  year         = 2000,
  pages        = {260-269},
  ee           = {http://link.springer.de/link/service/series/0558/bibs/1857/18570260.htm},
}
