

#MCS07


@inproceedings{mottl04combining,
  author =	 "Vadim Mottl and Alexander Tatarchuk and Valentina Sulimova and Olga Krasotkina and Oleg Seredin",
  title =	 "Combining Pattern Recognition Modalities at the Sensor Level Via Kernel Fusion",
  editor =	 "M. Haindl, J. Kittler, F. Roli",
  booktitle =	 "Proc. Int. Workshop on Multiple Classifier Systems (LNCS 4472)",
  publisher =	 "Springer",
  month =	 "May 23-25",
  pages =	 "1-12",
  year =	 "2007",
  address =	 "Prague, Czech Republic"
}


@inproceedings{windridge04neutral,
  author =	 "David Windridge and Vadim Mottl and Alexander Tatarchuk and Andrey Eliseyev",
  title =	 "The Neutral Point Method for Kernel-Based Combination of Disjoint Training Data in Multi-modal Pattern Recognition",
  editor =	 "M. Haindl, J. Kittler, F. Roli",
  booktitle =	 "Proc. Int. Workshop on Multiple Classifier Systems (LNCS 4472)",
  publisher =	 "Springer",
  month =	 "May 23-25",
  pages =	 "13-21",
  year =	 "2007",
  address =	 "Prague, Czech Republic"
}


@inproceedings{lee04kernel,
  author =	 "Wan-Jui Lee and Sergey Verzakov and Robert P. W. Duin",
  title =	 "Kernel Combination Versus Classifier Combination",
  editor =	 "M. Haindl, J. Kittler, F. Roli",
  booktitle =	 "Proc. Int. Workshop on Multiple Classifier Systems (LNCS 4472)",
  publisher =	 "Springer",
  month =	 "May 23-25",
  pages =	 "22-31",
  year =	 "2007",
  address =	 "Prague, Czech Republic"
}


@inproceedings{merler04deriving,
  author =	 "Stefano Merler and Giuseppe Jurman and Cesare Furlanello",
  title =	 "Deriving the Kernel from Training Data",
  editor =	 "M. Haindl, J. Kittler, F. Roli",
  booktitle =	 "Proc. Int. Workshop on Multiple Classifier Systems (LNCS 4472)",
  publisher =	 "Springer",
  month =	 "May 23-25",
  pages =	 "32-41",
  year =	 "2007",
  address =	 "Prague, Czech Republic"
}


@inproceedings{lienemann04application,
  author =	 "Kai Lienemann and Thomas Plötz and Gernot A. Fink",
  title =	 "On the Application of SVM-Ensembles Based on Adapted Random Subspace Sampling for Automatic Classification of NMR Data",
  editor =	 "M. Haindl, J. Kittler, F. Roli",
  booktitle =	 "Proc. Int. Workshop on Multiple Classifier Systems (LNCS 4472)",
  publisher =	 "Springer",
  month =	 "May 23-25",
  pages =	 "42-51",
  year =	 "2007",
  address =	 "Prague, Czech Republic"
}


@inproceedings{ko04new,
  author =	 "Albert Hung-Ren Ko and Robert Sabourin and Alceu de Souza Britto Jr.",
  title =	 "A New HMM-Based Ensemble Generation Method for Numeral Recognition",
  editor =	 "M. Haindl, J. Kittler, F. Roli",
  booktitle =	 "Proc. Int. Workshop on Multiple Classifier Systems (LNCS 4472)",
  publisher =	 "Springer",
  month =	 "May 23-25",
  pages =	 "52-61",
  year =	 "2007",
  address =	 "Prague, Czech Republic"
}


@inproceedings{raudys04classifiers,
  author =	 "Sarunas Raudys and Ömer Kaan Baykan and Ahmet Babalik and Vitalij Denisov and Antanas Andrius Bielskis",
  title =	 "Classifiers Fusion in Recognition of Wheat Varieties",
  editor =	 "M. Haindl, J. Kittler, F. Roli",
  booktitle =	 "Proc. Int. Workshop on Multiple Classifier Systems (LNCS 4472)",
  publisher =	 "Springer",
  month =	 "May 23-25",
  pages =	 "62-71",
  year =	 "2007",
  address =	 "Prague, Czech Republic"
}


@inproceedings{bertolami04multiple,
  author =	 "Roman Bertolami and Horst Bunke",
  title =	 "Multiple Classifier Methods for Offline Handwritten Text Line Recognition",
  editor =	 "M. Haindl, J. Kittler, F. Roli",
  booktitle =	 "Proc. Int. Workshop on Multiple Classifier Systems (LNCS 4472)",
  publisher =	 "Springer",
  month =	 "May 23-25",
  pages =	 "72-81",
  year =	 "2007",
  address =	 "Prague, Czech Republic"
}


@inproceedings{christensen04applying,
  author =	 "Hans Ulrich Christensen and Daniel Ortiz Arroyo",
  title =	 "Applying Data Fusion Methods to Passage Retrieval in QAS",
  editor =	 "M. Haindl, J. Kittler, F. Roli",
  booktitle =	 "Proc. Int. Workshop on Multiple Classifier Systems (LNCS 4472)",
  publisher =	 "Springer",
  month =	 "May 23-25",
  pages =	 "82-92",
  year =	 "2007",
  address =	 "Prague, Czech Republic"
}


@inproceedings{mohamed04co-training,
  author =	 "Tawfik A. Mohamed and Neamat El Gayar and Amir F. Atiya",
  title =	 "A Co-training Approach for Time Series Prediction with Missing Data",
  editor =	 "M. Haindl, J. Kittler, F. Roli",
  booktitle =	 "Proc. Int. Workshop on Multiple Classifier Systems (LNCS 4472)",
  publisher =	 "Springer",
  month =	 "May 23-25",
  pages =	 "93-102",
  year =	 "2007",
  address =	 "Prague, Czech Republic"
}


@inproceedings{sun04improved,
  author =	 "Shiliang Sun",
  title =	 "An Improved Random Subspace Method and Its Application to EEG Signal Classification",
  editor =	 "M. Haindl, J. Kittler, F. Roli",
  booktitle =	 "Proc. Int. Workshop on Multiple Classifier Systems (LNCS 4472)",
  publisher =	 "Springer",
  month =	 "May 23-25",
  pages =	 "103-112",
  year =	 "2007",
  address =	 "Prague, Czech Republic"
}


@inproceedings{sun04ensemble,
  author =	 "Shiliang Sun",
  title =	 "Ensemble Learning Methods for Classifying EEG Signals",
  editor =	 "M. Haindl, J. Kittler, F. Roli",
  booktitle =	 "Proc. Int. Workshop on Multiple Classifier Systems (LNCS 4472)",
  publisher =	 "Springer",
  month =	 "May 23-25",
  pages =	 "113-120",
  year =	 "2007",
  address =	 "Prague, Czech Republic"
}


@inproceedings{sadeghi04confidence,
  author =	 "Mohammad Sadeghi and Samaneh Khoshrou and Josef Kittler",
  title =	 "Confidence Based Gating of Colour Features for Face Authentication",
  editor =	 "M. Haindl, J. Kittler, F. Roli",
  booktitle =	 "Proc. Int. Workshop on Multiple Classifier Systems (LNCS 4472)",
  publisher =	 "Springer",
  month =	 "May 23-25",
  pages =	 "121-130",
  year =	 "2007",
  address =	 "Prague, Czech Republic"
}


@inproceedings{ebrahimpour04view-based,
  author =	 "Reza Ebrahimpour and Ehsanollah Kabir and Mohammad Reza Yousefi",
  title =	 "View-Based Eigenspaces with Mixture of Experts for View-Independent Face Recognition",
  editor =	 "M. Haindl, J. Kittler, F. Roli",
  booktitle =	 "Proc. Int. Workshop on Multiple Classifier Systems (LNCS 4472)",
  publisher =	 "Springer",
  month =	 "May 23-25",
  pages =	 "131-140",
  year =	 "2007",
  address =	 "Prague, Czech Republic"
}


@inproceedings{serrano04fusion,
  author =	 "Ángel Serrano and Isaac Martín de Diego and Cristina Conde and Enrique Cabello and Li Bai and LinLin Shen",
  title =	 "Fusion of Support Vector Classifiers for Parallel Gabor Methods Applied to Face Verification",
  editor =	 "M. Haindl, J. Kittler, F. Roli",
  booktitle =	 "Proc. Int. Workshop on Multiple Classifier Systems (LNCS 4472)",
  publisher =	 "Springer",
  month =	 "May 23-25",
  pages =	 "141-150",
  year =	 "2007",
  address =	 "Prague, Czech Republic"
}


@inproceedings{marcialis04serial,
  author =	 "Gian Luca Marcialis and Fabio Roli",
  title =	 "Serial Fusion of Fingerprint and Face Matchers",
  editor =	 "M. Haindl, J. Kittler, F. Roli",
  booktitle =	 "Proc. Int. Workshop on Multiple Classifier Systems (LNCS 4472)",
  publisher =	 "Springer",
  month =	 "May 23-25",
  pages =	 "151-160",
  year =	 "2007",
  address =	 "Prague, Czech Republic"
}


@inproceedings{hall04boosting,
  author =	 "Lawrence O. Hall and Robert E. Banfield and Kevin W. Bowyer and W. Philip Kegelmeyer",
  title =	 "Boosting Lite - Handling Larger Datasets and Slower Base Classifiers",
  editor =	 "M. Haindl, J. Kittler, F. Roli",
  booktitle =	 "Proc. Int. Workshop on Multiple Classifier Systems (LNCS 4472)",
  publisher =	 "Springer",
  month =	 "May 23-25",
  pages =	 "161-170",
  year =	 "2007",
  address =	 "Prague, Czech Republic"
}


@inproceedings{meynet04information,
  author =	 "Julien Meynet and Jean-Philippe Thiran",
  title =	 "Information Theoretic Combination of Classifiers with Application to AdaBoost",
  editor =	 "M. Haindl, J. Kittler, F. Roli",
  booktitle =	 "Proc. Int. Workshop on Multiple Classifier Systems (LNCS 4472)",
  publisher =	 "Springer",
  month =	 "May 23-25",
  pages =	 "171-179",
  year =	 "2007",
  address =	 "Prague, Czech Republic"
}


@inproceedings{lu04interactive,
  author =	 "Yijuan Lu and Qi Tian and Thomas S. Huang",
  title =	 "Interactive Boosting for Image Classification",
  editor =	 "M. Haindl, J. Kittler, F. Roli",
  booktitle =	 "Proc. Int. Workshop on Multiple Classifier Systems (LNCS 4472)",
  publisher =	 "Springer",
  month =	 "May 23-25",
  pages =	 "180-189",
  year =	 "2007",
  address =	 "Prague, Czech Republic"
}


@inproceedings{bicego04group-induced,
  author =	 "Manuele Bicego and Elzbieta Pekalska and Robert P. W. Duin",
  title =	 "Group-Induced Vector Spaces",
  editor =	 "M. Haindl, J. Kittler, F. Roli",
  booktitle =	 "Proc. Int. Workshop on Multiple Classifier Systems (LNCS 4472)",
  publisher =	 "Springer",
  month =	 "May 23-25",
  pages =	 "190-199",
  year =	 "2007",
  address =	 "Prague, Czech Republic"
}


@inproceedings{hadjitodorov04selecting,
  author =	 "Stefan Todorov Hadjitodorov and Ludmila I. Kuncheva",
  title =	 "Selecting Diversifying Heuristics for Cluster Ensembles",
  editor =	 "M. Haindl, J. Kittler, F. Roli",
  booktitle =	 "Proc. Int. Workshop on Multiple Classifier Systems (LNCS 4472)",
  publisher =	 "Springer",
  month =	 "May 23-25",
  pages =	 "200-209",
  year =	 "2007",
  address =	 "Prague, Czech Republic"
}


@inproceedings{haindl04unsupervised,
  author =	 "Michal Haindl and Stanislav Mikes",
  title =	 "Unsupervised Texture Segmentation Using Multiple Segmenters Strategy",
  editor =	 "M. Haindl, J. Kittler, F. Roli",
  booktitle =	 "Proc. Int. Workshop on Multiple Classifier Systems (LNCS 4472)",
  publisher =	 "Springer",
  month =	 "May 23-25",
  pages =	 "210-219",
  year =	 "2007",
  address =	 "Prague, Czech Republic"
}


@inproceedings{riesen04classifier,
  author =	 "Kaspar Riesen and Horst Bunke",
  title =	 "Classifier Ensembles for Vector Space Embedding of Graphs",
  editor =	 "M. Haindl, J. Kittler, F. Roli",
  booktitle =	 "Proc. Int. Workshop on Multiple Classifier Systems (LNCS 4472)",
  publisher =	 "Springer",
  month =	 "May 23-25",
  pages =	 "220-230",
  year =	 "2007",
  address =	 "Prague, Czech Republic"
}


@inproceedings{maudes04cascading,
  author =	 "Jesús Maudes and Juan J. Rodríguez and Cesar García-Osorio",
  title =	 "Cascading for Nominal Data",
  editor =	 "M. Haindl, J. Kittler, F. Roli",
  booktitle =	 "Proc. Int. Workshop on Multiple Classifier Systems (LNCS 4472)",
  publisher =	 "Springer",
  month =	 "May 23-25",
  pages =	 "231-240",
  year =	 "2007",
  address =	 "Prague, Czech Republic"
}


@inproceedings{kudo04combination,
  author =	 "Mineichi Kudo and Satoshi Shirai and Hiroshi Tenmoto",
  title =	 "A Combination of Sample Subsets and Feature Subsets in One-Against-Other Classifiers",
  editor =	 "M. Haindl, J. Kittler, F. Roli",
  booktitle =	 "Proc. Int. Workshop on Multiple Classifier Systems (LNCS 4472)",
  publisher =	 "Springer",
  month =	 "May 23-25",
  pages =	 "241-250",
  year =	 "2007",
  address =	 "Prague, Czech Republic"
}


@inproceedings{depasquale04random,
  author =	 "Joseph DePasquale and Robi Polikar",
  title =	 "Random Feature Subset Selection for Ensemble Based Classification of Data with Missing Features",
  editor =	 "M. Haindl, J. Kittler, F. Roli",
  booktitle =	 "Proc. Int. Workshop on Multiple Classifier Systems (LNCS 4472)",
  publisher =	 "Springer",
  month =	 "May 23-25",
  pages =	 "251-260",
  year =	 "2007",
  address =	 "Prague, Czech Republic"
}


@inproceedings{silva04feature,
  author =	 "Hugo Silva and Ana L. N. Fred",
  title =	 "Feature Subspace Ensembles: A Parallel Classifier Combination Scheme Using Feature Selection",
  editor =	 "M. Haindl, J. Kittler, F. Roli",
  booktitle =	 "Proc. Int. Workshop on Multiple Classifier Systems (LNCS 4472)",
  publisher =	 "Springer",
  month =	 "May 23-25",
  pages =	 "261-270",
  year =	 "2007",
  address =	 "Prague, Czech Republic"
}


@inproceedings{windeatt04stopping,
  author =	 "Terry Windeatt and Matthew Prior",
  title =	 "Stopping Criteria for Ensemble-Based Feature Selection",
  editor =	 "M. Haindl, J. Kittler, F. Roli",
  booktitle =	 "Proc. Int. Workshop on Multiple Classifier Systems (LNCS 4472)",
  publisher =	 "Springer",
  month =	 "May 23-25",
  pages =	 "271-281",
  year =	 "2007",
  address =	 "Prague, Czech Republic"
}


@inproceedings{foggia04rejecting,
  author =	 "Pasquale Foggia and Gennaro Percannella and Carlo Sansone and Mario Vento",
  title =	 "On Rejecting Unreliably Classified Patterns",
  editor =	 "M. Haindl, J. Kittler, F. Roli",
  booktitle =	 "Proc. Int. Workshop on Multiple Classifier Systems (LNCS 4472)",
  publisher =	 "Springer",
  month =	 "May 23-25",
  pages =	 "282-291",
  year =	 "2007",
  address =	 "Prague, Czech Republic"
}


@inproceedings{biggio04bayesian,
  author =	 "Battista Biggio and Giorgio Fumera and Fabio Roli",
  title =	 "Bayesian Analysis of Linear Combiners",
  editor =	 "M. Haindl, J. Kittler, F. Roli",
  booktitle =	 "Proc. Int. Workshop on Multiple Classifier Systems (LNCS 4472)",
  publisher =	 "Springer",
  month =	 "May 23-25",
  pages =	 "292-301",
  year =	 "2007",
  address =	 "Prague, Czech Republic"
}


@inproceedings{ko04applying,
  author =	 "Albert Hung-Ren Ko and Robert Sabourin and Alceu de Souza Britto Jr.",
  title =	 "Applying Pairwise Fusion Matrix on Fusion Functions for Classifier Combination",
  editor =	 "M. Haindl, J. Kittler, F. Roli",
  booktitle =	 "Proc. Int. Workshop on Multiple Classifier Systems (LNCS 4472)",
  publisher =	 "Springer",
  month =	 "May 23-25",
  pages =	 "302-311",
  year =	 "2007",
  address =	 "Prague, Czech Republic"
}


@inproceedings{chindaro04modelling,
  author =	 "Samuel Chindaro and Konstantinos Sirlantzis and Michael C. Fairhurst",
  title =	 "Modelling Multiple-Classifier Relationships Using Bayesian Belief Networks",
  editor =	 "M. Haindl, J. Kittler, F. Roli",
  booktitle =	 "Proc. Int. Workshop on Multiple Classifier Systems (LNCS 4472)",
  publisher =	 "Springer",
  month =	 "May 23-25",
  pages =	 "312-321",
  year =	 "2007",
  address =	 "Prague, Czech Republic"
}


@inproceedings{li04classifier,
  author =	 "Shoushan Li and Chengqing Zong",
  title =	 "Classifier Combining Rules Under Independence Assumptions",
  editor =	 "M. Haindl, J. Kittler, F. Roli",
  booktitle =	 "Proc. Int. Workshop on Multiple Classifier Systems (LNCS 4472)",
  publisher =	 "Springer",
  month =	 "May 23-25",
  pages =	 "322-332",
  year =	 "2007",
  address =	 "Prague, Czech Republic"
}


@inproceedings{marrocco04embedding,
  author =	 "Claudio Marrocco and Paolo Simeone and Francesco Tortorella",
  title =	 "Embedding Reject Option in ECOC Through LDPC Codes",
  editor =	 "M. Haindl, J. Kittler, F. Roli",
  booktitle =	 "Proc. Int. Workshop on Multiple Classifier Systems (LNCS 4472)",
  publisher =	 "Springer",
  month =	 "May 23-25",
  pages =	 "333-343",
  year =	 "2007",
  address =	 "Prague, Czech Republic"
}


@inproceedings{poh04combination,
  author =	 "Norman Poh and Guillaume Heusch and Josef Kittler",
  title =	 "On Combination of Face Authentication Experts by a Mixture of Quality Dependent Fusion Classifiers",
  editor =	 "M. Haindl, J. Kittler, F. Roli",
  booktitle =	 "Proc. Int. Workshop on Multiple Classifier Systems (LNCS 4472)",
  publisher =	 "Springer",
  month =	 "May 23-25",
  pages =	 "344-356",
  year =	 "2007",
  address =	 "Prague, Czech Republic"
}


@inproceedings{tronci04index,
  author =	 "Roberto Tronci and Giorgio Giacinto and Fabio Roli",
  title =	 "Index Driven Combination of Multiple Biometric Experts for AUC Maximisation",
  editor =	 "M. Haindl, J. Kittler, F. Roli",
  booktitle =	 "Proc. Int. Workshop on Multiple Classifier Systems (LNCS 4472)",
  publisher =	 "Springer",
  month =	 "May 23-25",
  pages =	 "357-366",
  year =	 "2007",
  address =	 "Prague, Czech Republic"
}


@inproceedings{kryszczuk04q-stack:,
  author =	 "Krzysztof Kryszczuk and Andrzej Drygajlo",
  title =	 "Q-stack: Uni- and Multimodal Classifier Stacking with Quality Measures",
  editor =	 "M. Haindl, J. Kittler, F. Roli",
  booktitle =	 "Proc. Int. Workshop on Multiple Classifier Systems (LNCS 4472)",
  publisher =	 "Springer",
  month =	 "May 23-25",
  pages =	 "367-376",
  year =	 "2007",
  address =	 "Prague, Czech Republic"
}


@inproceedings{richiardi04reliability-based,
  author =	 "Jonas Richiardi and Andrzej Drygajlo",
  title =	 "Reliability-Based Voting Schemes Using Modality-Independent Features in Multi-classifier Biometric Authentication",
  editor =	 "M. Haindl, J. Kittler, F. Roli",
  booktitle =	 "Proc. Int. Workshop on Multiple Classifier Systems (LNCS 4472)",
  publisher =	 "Springer",
  month =	 "May 23-25",
  pages =	 "377-386",
  year =	 "2007",
  address =	 "Prague, Czech Republic"
}


@inproceedings{tulyakov04optimal,
  author =	 "Sergey Tulyakov and Venu Govindaraju and Chaohong Wu",
  title =	 "Optimal Classifier Combination Rules for Verification and Identification Systems",
  editor =	 "M. Haindl, J. Kittler, F. Roli",
  booktitle =	 "Proc. Int. Workshop on Multiple Classifier Systems (LNCS 4472)",
  publisher =	 "Springer",
  month =	 "May 23-25",
  pages =	 "387-396",
  year =	 "2007",
  address =	 "Prague, Czech Republic"
}


@inproceedings{chawla04exploiting,
  author =	 "Nitesh V. Chawla and Jared Sylvester",
  title =	 "Exploiting Diversity in Ensembles: Improving the Performance on Unbalanced Datasets",
  editor =	 "M. Haindl, J. Kittler, F. Roli",
  booktitle =	 "Proc. Int. Workshop on Multiple Classifier Systems (LNCS 4472)",
  publisher =	 "Springer",
  month =	 "May 23-25",
  pages =	 "397-406",
  year =	 "2007",
  address =	 "Prague, Czech Republic"
}


@inproceedings{chung04diversity-performance,
  author =	 "Yun Sheng Chung and D. Frank Hsu and Chuan Yi Tang",
  title =	 "On the Diversity-Performance Relationship for Majority Voting in Classifier Ensembles",
  editor =	 "M. Haindl, J. Kittler, F. Roli",
  booktitle =	 "Proc. Int. Workshop on Multiple Classifier Systems (LNCS 4472)",
  publisher =	 "Springer",
  month =	 "May 23-25",
  pages =	 "407-420",
  year =	 "2007",
  address =	 "Prague, Czech Republic"
}


@inproceedings{cecotti04hierarchical,
  author =	 "Hubert Cecotti and Abdel Belaïd",
  title =	 "Hierarchical Behavior Knowledge Space",
  editor =	 "M. Haindl, J. Kittler, F. Roli",
  booktitle =	 "Proc. Int. Workshop on Multiple Classifier Systems (LNCS 4472)",
  publisher =	 "Springer",
  month =	 "May 23-25",
  pages =	 "421-430",
  year =	 "2007",
  address =	 "Prague, Czech Republic"
}


@inproceedings{ko04new,
  author =	 "Albert Hung-Ren Ko and Robert Sabourin and Alceu de Souza Britto Jr.",
  title =	 "A New Dynamic Ensemble Selection Method for Numeral Recognition",
  editor =	 "M. Haindl, J. Kittler, F. Roli",
  booktitle =	 "Proc. Int. Workshop on Multiple Classifier Systems (LNCS 4472)",
  publisher =	 "Springer",
  month =	 "May 23-25",
  pages =	 "431-439",
  year =	 "2007",
  address =	 "Prague, Czech Republic"
}


@inproceedings{zanda04ensemble,
  author =	 "Manuela Zanda and Gavin Brown and Giorgio Fumera and Fabio Roli",
  title =	 "Ensemble Learning in Linearly Combined Classifiers Via Negative Correlation",
  editor =	 "M. Haindl, J. Kittler, F. Roli",
  booktitle =	 "Proc. Int. Workshop on Multiple Classifier Systems (LNCS 4472)",
  publisher =	 "Springer",
  month =	 "May 23-25",
  pages =	 "440-449",
  year =	 "2007",
  address =	 "Prague, Czech Republic"
}


@inproceedings{rodríguez04naïve,
  author =	 "Juan J. Rodríguez and Ludmila I. Kuncheva",
  title =	 "Naïve Bayes Ensembles with a Random Oracle",
  editor =	 "M. Haindl, J. Kittler, F. Roli",
  booktitle =	 "Proc. Int. Workshop on Multiple Classifier Systems (LNCS 4472)",
  publisher =	 "Springer",
  month =	 "May 23-25",
  pages =	 "450-458",
  year =	 "2007",
  address =	 "Prague, Czech Republic"
}


@inproceedings{kuncheva04experimental,
  author =	 "Ludmila I. Kuncheva and Juan J. Rodríguez",
  title =	 "An Experimental Study on Rotation Forest Ensembles",
  editor =	 "M. Haindl, J. Kittler, F. Roli",
  booktitle =	 "Proc. Int. Workshop on Multiple Classifier Systems (LNCS 4472)",
  publisher =	 "Springer",
  month =	 "May 23-25",
  pages =	 "459-468",
  year =	 "2007",
  address =	 "Prague, Czech Republic"
}


@inproceedings{kanevskiy04cooperative,
  author =	 "Daniel Kanevskiy and Konstantin Vorontsov",
  title =	 "Cooperative Coevolutionary Ensemble Learning",
  editor =	 "M. Haindl, J. Kittler, F. Roli",
  booktitle =	 "Proc. Int. Workshop on Multiple Classifier Systems (LNCS 4472)",
  publisher =	 "Springer",
  month =	 "May 23-25",
  pages =	 "469-478",
  year =	 "2007",
  address =	 "Prague, Czech Republic"
}


@inproceedings{berkman04robust,
  author =	 "Omer Berkman and Nathan Intrator",
  title =	 "Robust Inference in Bayesian Networks with Application to Gene Expression Temporal Data",
  editor =	 "M. Haindl, J. Kittler, F. Roli",
  booktitle =	 "Proc. Int. Workshop on Multiple Classifier Systems (LNCS 4472)",
  publisher =	 "Springer",
  month =	 "May 23-25",
  pages =	 "479-489",
  year =	 "2007",
  address =	 "Prague, Czech Republic"
}


@inproceedings{muhlbaier04ensemble,
  author =	 "Michael Muhlbaier and Robi Polikar",
  title =	 "An Ensemble Approach for Incremental Learning in Nonstationary Environments",
  editor =	 "M. Haindl, J. Kittler, F. Roli",
  booktitle =	 "Proc. Int. Workshop on Multiple Classifier Systems (LNCS 4472)",
  publisher =	 "Springer",
  month =	 "May 23-25",
  pages =	 "490-500",
  year =	 "2007",
  address =	 "Prague, Czech Republic"
}


@inproceedings{benediktsson04multiple,
  author =	 "Jon Atli Benediktsson and Jocelyn Chanussot and Mathieu Fauvel",
  title =	 "Multiple Classifier Systems in Remote Sensing: From Basics to Recent Developments",
  editor =	 "M. Haindl, J. Kittler, F. Roli",
  booktitle =	 "Proc. Int. Workshop on Multiple Classifier Systems (LNCS 4472)",
  publisher =	 "Springer",
  month =	 "May 23-25",
  pages =	 "501-512",
  year =	 "2007",
  address =	 "Prague, Czech Republic"
}


@inproceedings{bengio04biometric,
  author =	 "Samy Bengio and Johnny Marithoz",
  title =	 "Biometric Person Authentication Is a Multiple Classifier Problem",
  editor =	 "M. Haindl, J. Kittler, F. Roli",
  booktitle =	 "Proc. Int. Workshop on Multiple Classifier Systems (LNCS 4472)",
  publisher =	 "Springer",
  month =	 "May 23-25",
  pages =	 "513-522",
  year =	 "2007",
  address =	 "Prague, Czech Republic"
}


