


#MCS01

@inproceedings{Alkoot01Improving,
  author       = {Fuad M. Alkoot and Josef Kittler},
  title        = {Improving Product by Moderating k-NN Classifiers.},
  booktitle    = {Multiple Classifier Systems},
  year         = 2001,
  pages        = {429-439},
  ee           = {http://link.springer.de/link/service/series/0558/bibs/2096/20960429.htm},
}

@INPROCEEDINGS{Briem01Boosting,
  author       = {Gunnar Jakob Briem and Jon Atli Benediktsson and Johannes R.
                  Sveinsson},
  title        = {Boosting, Bagging, and Consensus Based Classification of
                  Multisource Remote Sensing Data.},
  booktitle    = {Multiple Classifier Systems},
  year         = 2001,
  pages        = {279-288},
  ee           = {http://link.springer.de/link/service/series/0558/bibs/2096/20960279.htm},
}

@INPROCEEDINGS{Bruzzone01Robust,
  author       = {Lorenzo Bruzzone and Roberto Cossu},
  title        = {A Robust Multiple Classifier System for a Partially
                  Unsupervised Updating of Land-Cover Maps.},
  booktitle    = {Multiple Classifier Systems},
  year         = 2001,
  pages        = {259-268},
  ee           = {http://link.springer.de/link/service/series/0558/bibs/2096/20960259.htm},
}

@INPROCEEDINGS{Chen01Averaging,
  author       = {Dechang Chen and Jian Liu},
  title        = {Averaging Weak Classifiers.},
  booktitle    = {Multiple Classifier Systems},
  year         = 2001,
  pages        = {119-125},
  ee           = {http://link.springer.de/link/service/series/0558/bibs/2096/20960119.htm},
}

@INPROCEEDINGS{Cohen01Automatic,
  author       = {Shimon Cohen and Nathan Intrator},
  title        = {Automatic Model Selection in a Hybrid Perceptron/Radial
                  Network.},
  booktitle    = {Multiple Classifier Systems},
  year         = 2001,
  pages        = {440-454},
  ee           = {http://link.springer.de/link/service/series/0558/bibs/2096/20960440.htm},
}

@INPROCEEDINGS{Dahmen01Combined,
  author       = {J{\"o}rg Dahmen and Daniel Keysers and Hermann Ney},
  title        = {Combined Classification of Handwritten Digits Using the
                  'Virtual Test Sample Method'.},
  booktitle    = {Multiple Classifier Systems},
  year         = 2001,
  pages        = {109-118},
  ee           = {http://link.springer.de/link/service/series/0558/bibs/2096/20960109.htm},
}

@INPROCEEDINGS{Dietrich01Classification,
  author       = {Christian Dietrich and Friedhelm Schwenker and G{\"u}nther
                  Palm},
  title        = {Classification of Time Series Utilizing Temporal and Decision
                  Fusion.},
  booktitle    = {Multiple Classifier Systems},
  year         = 2001,
  pages        = {378-387},
  ee           = {http://link.springer.de/link/service/series/0558/bibs/2096/20960378.htm},
}

@INPROCEEDINGS{Diez01Learning,
  author       = {Juan J. Rodr\'{\i}guez Diez and Carlos Alonso Gonz{\'a}lez},
  title        = {Learning Classification RBF Networks by Boosting.},
  booktitle    = {Multiple Classifier Systems},
  year         = 2001,
  pages        = {43-52},
  ee           = {http://link.springer.de/link/service/series/0558/bibs/2096/20960043.htm},
}

@INPROCEEDINGS{Dolenko01Solar,
  author       = {S. A. Dolenko and Yu. V. Orlov and I. G. Persiantsev and Ju.
                  S. Shugai and A. V. Dmitriev and A. V. Suvorova and I. S.
                  Veselovsky},
  title        = {Solar Wind Data Analysis Using Self-Organizing Hierarchical
                  Neural Network Classifiers.},
  booktitle    = {Multiple Classifier Systems},
  year         = 2001,
  pages        = {289-298},
  ee           = {http://link.springer.de/link/service/series/0558/bibs/2096/20960289.htm},
}

@INPROCEEDINGS{Foggia01Automatic,
  author       = {Pasquale Foggia and Carlo Sansone and Francesco Tortorella
                  and Mario Vento},
  title        = {Automatic Classification of Clustered Microcalcifications by
                  a Multiple Classifier System.},
  booktitle    = {Multiple Classifier Systems},
  year         = 2001,
  pages        = {208-217},
  ee           = {http://link.springer.de/link/service/series/0558/bibs/2096/20960208.htm},
}

@INPROCEEDINGS{Fred01Finding,
  author       = {Ana L. N. Fred},
  title        = {Finding Consistent Clusters in Data Partitions.},
  booktitle    = {Multiple Classifier Systems},
  year         = 2001,
  pages        = {309-318},
  ee           = {http://link.springer.de/link/service/series/0558/bibs/2096/20960309.htm},
}

@INPROCEEDINGS{Froeba01Combination,
  author       = {Bernhard Fr{\"o}ba and Walter Zink},
  title        = {On the Combination of Different Template Matching Strategies
                  for Fast Face Detection.},
  booktitle    = {Multiple Classifier Systems},
  year         = 2001,
  pages        = {418-428},
  ee           = {http://link.springer.de/link/service/series/0558/bibs/2096/20960418.htm},
}

@INPROCEEDINGS{Frossyniotis01Multi,
  author       = {Dimitrios S. Frossyniotis and Andreas Stafylopatis},
  title        = {A Multi-SVM Classification System.},
  booktitle    = {Multiple Classifier Systems},
  year         = 2001,
  pages        = {198-207},
  ee           = {http://link.springer.de/link/service/series/0558/bibs/2096/20960198.htm},
}

@INPROCEEDINGS{Fumera01Error,
  author       = {Giorgio Fumera and Fabio Roli},
  title        = {Error Rejection in Linearly Combined Multiple Classifiers.},
  booktitle    = {Multiple Classifier Systems},
  year         = 2001,
  pages        = {329-338},
  ee           = {http://link.springer.de/link/service/series/0558/bibs/2096/20960329.htm},
}

@INPROCEEDINGS{Ghaderi01Least,
  author       = {Reza Ghaderi and Terry Windeatt},
  title        = {Least Squares and Estimation Measures via Error Correcting
                  Output Code.},
  booktitle    = {Multiple Classifier Systems},
  year         = 2001,
  pages        = {148-157},
  ee           = {http://link.springer.de/link/service/series/0558/bibs/2096/20960148.htm},
}

@INPROCEEDINGS{Gini01Mixing,
  author       = {Giuseppina C. Gini and Marco Lorenzini and Emilio Benfenati
                  and Raffaella Brambilla and Luca Malv{\'e}},
  title        = {Mixing a Symbolic and a Subsymbolic Expert to Improve
                  Carcinogenicity Prediction of Aromatic Compounds.},
  booktitle    = {Multiple Classifier Systems},
  year         = 2001,
  pages        = {126-135},
  ee           = {http://link.springer.de/link/service/series/0558/bibs/2096/20960126.htm},
}

@INPROCEEDINGS{Grim01Information,
  author       = {Jiri Grim and Josef Kittler and Pavel Pudil and Petr Somol},
  title        = {Information Analysis of Multiple Classifier Fusion.},
  booktitle    = {Multiple Classifier Systems},
  year         = 2001,
  pages        = {168-177},
  ee           = {http://link.springer.de/link/service/series/0558/bibs/2096/20960168.htm},
}

@INPROCEEDINGS{Hand01Multiple,
  author       = {David J. Hand and Niall M. Adams and Mark G. Kelly},
  title        = {Multiple Classifier Systems Based on Interpretable Linear
                  Classifiers.},
  booktitle    = {Multiple Classifier Systems},
  year         = 2001,
  pages        = {136-147},
  ee           = {http://link.springer.de/link/service/series/0558/bibs/2096/20960136.htm},
}

@INPROCEEDINGS{Hartono01Learning,
  author       = {Pitoyo Hartono and Shuji Hashimoto},
  title        = {Learning-Data Selection Mechanism through Neural Networks
                  Ensemble.},
  booktitle    = {Multiple Classifier Systems},
  year         = 2001,
  pages        = {188-197},
  ee           = {http://link.springer.de/link/service/series/0558/bibs/2096/20960188.htm},
}

@INPROCEEDINGS{Higgins01Application,
  author       = {Jonathan E. Higgins and Tony J. Dodd and Robert I. Damper},
  title        = {Application of Multiple Classifier Techniques to Subband
                  Speaker Identification with an HMM/ANN System.},
  booktitle    = {Multiple Classifier Systems},
  year         = 2001,
  pages        = {369-377},
  ee           = {http://link.springer.de/link/service/series/0558/bibs/2096/20960369.htm},
}

@INPROCEEDINGS{Ho01Data,
  author       = {Tin Kam Ho},
  title        = {Data Complexity Analysis for Classifier Combination.},
  booktitle    = {Multiple Classifier Systems},
  year         = 2001,
  pages        = {53-67},
  ee           = {http://link.springer.de/link/service/series/0558/bibs/2096/20960053.htm},
}

@INPROCEEDINGS{Jorgensen01Feature,
  author       = {Thomas Martini J{\o}rgensen and Christian Linneberg},
  title        = {Feature Weighted Ensemble Classifiers - A Modified Decision
                  Scheme.},
  booktitle    = {Multiple Classifier Systems},
  year         = 2001,
  pages        = {218-227},
  ee           = {http://link.springer.de/link/service/series/0558/bibs/2096/20960218.htm},
}

@INPROCEEDINGS{Kittler01Relationship,
  author       = {Josef Kittler and Fuad M. Alkoot},
  title        = {Relationship of Sum and Vote Fusion Strategies.},
  booktitle    = {Multiple Classifier Systems},
  year         = 2001,
  pages        = {339-348},
  ee           = {http://link.springer.de/link/service/series/0558/bibs/2096/20960339.htm},
}

@PROCEEDINGS{Kittler01Multiple,
  editor       = {Josef Kittler and Fabio Roli},
  title        = {Multiple Classifier Systems, Second International Workshop,
                  MCS 2001 Cambridge, UK, July 2-4, 2001, Proceedings},
  booktitle    = {Multiple Classifier Systems},
  publisher    = {Springer},
  series       = {Lecture Notes in Computer Science},
  volume       = 2096,
  year         = 2001,
  isbn         = {3-540-42284-6},
}

@INPROCEEDINGS{Kuncheva01Complexity,
  author       = {Ludmila I. Kuncheva and Fabio Roli and Gian Luca Marcialis
                  and Catherine A. Shipp},
  title        = {Complexity of Data Subsets Generated by the Random Subspace
                  Method: An Experimental Investigation.},
  booktitle    = {Multiple Classifier Systems},
  year         = 2001,
  pages        = {349-358},
  ee           = {http://link.springer.de/link/service/series/0558/bibs/2096/20960349.htm},
}

@INPROCEEDINGS{Kuncheva01Feature,
  author       = {Ludmila I. Kuncheva and Christopher J. Whitaker},
  title        = {Feature Subsets for Classifier Combination: An Enumerative
                  Experiment.},
  booktitle    = {Multiple Classifier Systems},
  year         = 2001,
  pages        = {228-237},
  ee           = {http://link.springer.de/link/service/series/0558/bibs/2096/20960228.htm},
}

@INPROCEEDINGS{Langdon01Genetic,
  author       = {William B. Langdon and Bernard F. Buxton},
  title        = {Genetic Programming for Improved Receiver Operating
                  Characteristics.},
  booktitle    = {Multiple Classifier Systems},
  year         = 2001,
  pages        = {68-77},
  ee           = {http://link.springer.de/link/service/series/0558/bibs/2096/20960068.htm},
}

@INPROCEEDINGS{Latinne01Limiting,
  author       = {Patrice Latinne and Olivier Debeir and Christine
                  Decaestecker},
  title        = {Limiting the Number of Trees in Random Forests.},
  booktitle    = {Multiple Classifier Systems},
  year         = 2001,
  pages        = {178-187},
  ee           = {http://link.springer.de/link/service/series/0558/bibs/2096/20960178.htm},
}

@INPROCEEDINGS{Luttrell01Self,
  author       = {Stephen P. Luttrell},
  title        = {A Self-Organising Approach to Multiple Classifier Fusion.},
  booktitle    = {Multiple Classifier Systems},
  year         = 2001,
  pages        = {319-328},
  ee           = {http://link.springer.de/link/service/series/0558/bibs/2096/20960319.htm},
}

@INPROCEEDINGS{Marti01Positional,
  author       = {Urs-Viktor Marti and Horst Bunke},
  title        = {Use of Positional Information in Sequence Alignment for
                  Multiple Classifier Combination.},
  booktitle    = {Multiple Classifier Systems},
  year         = 2001,
  pages        = {388-398},
  ee           = {http://link.springer.de/link/service/series/0558/bibs/2096/20960388.htm},
}

@INPROCEEDINGS{Masulli01Dependence,
  author       = {Francesco Masulli and Giorgio Valentini},
  title        = {Dependence among Codeword Bits Errors in ECOC Learning
                  Machines: An Experimental Analysis.},
  booktitle    = {Multiple Classifier Systems},
  year         = 2001,
  pages        = {158-167},
  ee           = {http://link.springer.de/link/service/series/0558/bibs/2096/20960158.htm},
}

@INPROCEEDINGS{Merler01Tuning,
  author       = {Stefano Merler and Cesare Furlanello and Barbara Larcher and
                  Andrea Sboner},
  title        = {Tuning Cost-Sensitive Boosting and Its Application to
                  Melanoma Diagnosis.},
  booktitle    = {Multiple Classifier Systems},
  year         = 2001,
  pages        = {32-42},
  ee           = {http://link.springer.de/link/service/series/0558/bibs/2096/20960032.htm},
}

@INPROCEEDINGS{Oza01Input,
  author       = {Nikunj C. Oza and Kagan Tumer},
  title        = {Input Decimation Ensembles: Decorrelation through
                  Dimensionality Reduction.},
  booktitle    = {Multiple Classifier Systems},
  year         = 2001,
  pages        = {238-247},
  ee           = {http://link.springer.de/link/service/series/0558/bibs/2096/20960238.htm},
}

@INPROCEEDINGS{Pekalska01Combining,
  author       = {Elzbieta Pekalska and Robert P. W. Duin},
  title        = {On Combining Dissimilarity Representations.},
  booktitle    = {Multiple Classifier Systems},
  year         = 2001,
  pages        = {359-368},
  ee           = {http://link.springer.de/link/service/series/0558/bibs/2096/20960359.htm},
}

@INPROCEEDINGS{Prabhakar01Decision,
  author       = {Salil Prabhakar and Anil K. Jain},
  title        = {Decision-Level Fusion in Fingerprint Verification.},
  booktitle    = {Multiple Classifier Systems},
  year         = 2001,
  pages        = {88-98},
  ee           = {http://link.springer.de/link/service/series/0558/bibs/2096/20960088.htm},
}

@INPROCEEDINGS{Roli01Methods,
  author       = {Fabio Roli and Giorgio Giacinto and Gianni Vernazza},
  title        = {Methods for Designing Multiple Classifier Systems.},
  booktitle    = {Multiple Classifier Systems},
  year         = 2001,
  pages        = {78-87},
  ee           = {http://link.springer.de/link/service/series/0558/bibs/2096/20960078.htm},
}

@INPROCEEDINGS{Ruta01Application,
  author       = {Dymitr Ruta and Bogdan Gabrys},
  title        = {Application of the Evolutionary Algorithms for Classifier
                  Selection in Multiple Classifier Systems with Majority
                  Voting.},
  booktitle    = {Multiple Classifier Systems},
  year         = 2001,
  pages        = {399-408},
  ee           = {http://link.springer.de/link/service/series/0558/bibs/2096/20960399.htm},
}

@INPROCEEDINGS{Schwenker01Tree,
  author       = {Friedhelm Schwenker and G{\"u}nther Palm},
  title        = {Tree-Structured Support Vector Machines for Multi-class
                  Pattern Recognition.},
  booktitle    = {Multiple Classifier Systems},
  year         = 2001,
  pages        = {409-417},
  ee           = {http://link.springer.de/link/service/series/0558/bibs/2096/20960409.htm},
}

@INPROCEEDINGS{Sirlantzis01Genetic,
  author       = {Konstantinos Sirlantzis and Michael C. Fairhurst and Sanaul
                  Hoque},
  title        = {Genetic Algorithms for Multi-classifier System Configuration:
                  A Case Study in Character Recognition.},
  booktitle    = {Multiple Classifier Systems},
  year         = 2001,
  pages        = {99-108},
  ee           = {http://link.springer.de/link/service/series/0558/bibs/2096/20960099.htm},
}

@INPROCEEDINGS{Skurichina01Bagging,
  author       = {Marina Skurichina and Robert P. W. Duin},
  title        = {Bagging and the Random Subspace Method for Redundant Feature
                  Spaces.},
  booktitle    = {Multiple Classifier Systems},
  year         = 2001,
  pages        = {1-10},
  ee           = {http://link.springer.de/link/service/series/0558/bibs/2096/20960001.htm},
}

@INPROCEEDINGS{Smits01Combining,
  author       = {Paul C. Smits},
  title        = {Combining Supervised Remote Sensing Image Classifiers Based
                  on Individual Class Performances.},
  booktitle    = {Multiple Classifier Systems},
  year         = 2001,
  pages        = {269-278},
  ee           = {http://link.springer.de/link/service/series/0558/bibs/2096/20960269.htm},
}

@INPROCEEDINGS{Tapia01Generalized,
  author       = {Elizabeth Tapia and Jos{\'e} Carlos Gonz{\'a}lez and Julio
                  Villena},
  title        = {A Generalized Class of Boosting Algorithms Based on Recursive
                  Decoding Models.},
  booktitle    = {Multiple Classifier Systems},
  year         = 2001,
  pages        = {22-31},
  ee           = {http://link.springer.de/link/service/series/0558/bibs/2096/20960022.htm},
}

@INPROCEEDINGS{Tax01Combining,
  author       = {David M. J. Tax and Robert P. W. Duin},
  title        = {Combining One-Class Classifiers.},
  booktitle    = {Multiple Classifier Systems},
  year         = 2001,
  pages        = {299-308},
  ee           = {http://link.springer.de/link/service/series/0558/bibs/2096/20960299.htm},
}



@INPROCEEDINGS{Wickramaratna01Performance,
  author       = {Jeevani Wickramaratna and Sean B. Holden and Bernard F.
                  Buxton},
  title        = {Performance Degradation in Boosting.},
  booktitle    = {Multiple Classifier Systems},
  year         = 2001,
  pages        = {11-21},
  ee           = {http://link.springer.de/link/service/series/0558/bibs/2096/20960011.htm},
}

@INPROCEEDINGS{Windridge01Classifier,
  author       = {David Windridge and Josef Kittler},
  title        = {Classifier Combination as a Tomographic Process.},
  booktitle    = {Multiple Classifier Systems},
  year         = 2001,
  pages        = {248-258},
  ee           = {http://link.springer.de/link/service/series/0558/bibs/2096/20960248.htm},
}
