-*- BibTeX -*-
=====================================
This file has been sorted by
bibSort.edt on 15.08.06 at 10:53:00.

It includes 186 items, sorted by
"booktitle" first, then by "year".
(No cross-referenced entries.)
=====================================



@INPROCEEDINGS{cohen00hybrid,
  author =   {Shimon Cohen and Nathan Intrator},
  title =    {A Hybrid Projection Based and Radial Basis Function
                  Architecture},
  booktitle =    {Proc. Int. Workshop on Multiple Classifier Systems
                  (LNCS 1857)},
  publisher =    {Springer},
  month =    {June},
  pages =    {147-156},
  year =     2000,
  address =  {Calgiari, Italy},
  url =          "http://link.springer.de/link/service/series/0558/tocs/t1857.htm"
}

@INPROCEEDINGS{conversano00supervised,
  author =   {Claudio Conversano and Roberta Siciliano and
                  Francesco Mola},
  title =    {Supervised Classifier Combination through
                  Generalized Additive Multi-model},
  booktitle =    {Proc. Int. Workshop on Multiple Classifier Systems
                  (LNCS 1857)},
  publisher =    {Springer},
  month =    {June},
  pages =    {167-176},
  year =     2000,
  address =  {Calgiari, Italy},
  url =          "http://link.springer.de/link/service/series/0558/tocs/t1857.htm"
}

@INPROCEEDINGS{cordella00cascaded,
  author =   {Luigi P. Cordella and Pasquale Foggia and Carlo
                  Sansone and Francesco Tortorella and Mario Vento},
  title =    {A Cascaded Multiple Expert System for Verification},
  booktitle =    {Proc. Int. Workshop on Multiple Classifier Systems
                  (LNCS 1857)},
  publisher =    {Springer},
  month =    {June},
  pages =    {330-339},
  year =     2000,
  address =  {Calgiari, Italy},
  url =          "http://link.springer.de/link/service/series/0558/tocs/t1857.htm"
}

@INPROCEEDINGS{dietterich00ensemble,
  author =   {Thomas G. Dietterich},
  title =    {Ensemble Methods in Machine Learning},
  booktitle =    {Proc. Int. Workshop on Multiple Classifier Systems
                  (LNCS 1857)},
  publisher =    {Springer},
  month =    {June},
  pages =    {1-15},
  year =     2000,
  address =  {Calgiari, Italy},
  url =          "http://link.springer.de/link/service/series/0558/tocs/t1857.htm"
}

@INPROCEEDINGS{diez00applying,
  author =   {Juan J. Rodriguez Diez and Carlos Alonso Gonzalez},
  title =    {Applying Boosting to Similarity Literals for Time
                  Series Classification},
  booktitle =    {Proc. Int. Workshop on Multiple Classifier Systems
                  (LNCS 1857)},
  publisher =    {Springer},
  month =    {June},
  pages =    {210-219},
  year =     2000,
  address =  {Calgiari, Italy},
  url =          "http://link.springer.de/link/service/series/0558/tocs/t1857.htm"
}

@INPROCEEDINGS{duin00experiments,
  author =   {Robert P. W. Duin and David M. J. Tax},
  title =    {Experiments with Classifier Combining Rules},
  booktitle =    {Proc. Int. Workshop on Multiple Classifier Systems
                  (LNCS 1857)},
  publisher =    {Springer},
  month =    {June},
  pages =    {16-29},
  year =     2000,
  address =  {Calgiari, Italy},
  url =          "http://link.springer.de/link/service/series/0558/tocs/t1857.htm"
}

@INPROCEEDINGS{fanelli00modular,
  author =   {Anna Maria Fanelli and Giovanna Castellano and
                  C. Alessandro Buscicchio},
  title =    {A Modular Neuro-Fuzzy Network for Musical
                  Instruments Classification},
  booktitle =    {Proc. Int. Workshop on Multiple Classifier Systems
                  (LNCS 1857)},
  publisher =    {Springer},
  month =    {June},
  pages =    {372-382},
  year =     2000,
  address =  {Calgiari, Italy},
  url =          "http://link.springer.de/link/service/series/0558/tocs/t1857.htm"
}

@INPROCEEDINGS{froba00statistical,
  author =   {Bernhard Froba and Constanze Rothe and Christian
                  Kublbeck},
  title =    {Statistical Sensor Calibration for Fusion of
                  Different Classifiers in a Biometric Person
                  Recognition Framework},
  booktitle =    {Proc. Int. Workshop on Multiple Classifier Systems
                  (LNCS 1857)},
  publisher =    {Springer},
  month =    {June},
  pages =    {362-371},
  year =     2000,
  address =  {Calgiari, Italy},
  url =          "http://link.springer.de/link/service/series/0558/tocs/t1857.htm"
}

@INPROCEEDINGS{furlanello00boosting,
  author =   {Cesare Furlanello and Stefano Merler},
  title =    {Boosting of Tree-Based Classifiers for Predictive
                  Risk Modeling in GIS},
  booktitle =    {Proc. Int. Workshop on Multiple Classifier Systems
                  (LNCS 1857)},
  publisher =    {Springer},
  month =    {June},
  pages =    {220-229},
  year =     2000,
  address =  {Calgiari, Italy},
  url =          "http://link.springer.de/link/service/series/0558/tocs/t1857.htm"
}

@INPROCEEDINGS{giacinto00dynamic,
  author =   {Giorgio Giacinto and Fabio Roli},
  title =    {Dynamic Classifier Selection},
  booktitle =    {Proc. Int. Workshop on Multiple Classifier Systems
                  (LNCS 1857)},
  publisher =    {Springer},
  month =    {June},
  pages =    {177-189},
  year =     2000,
  address =  {Calgiari, Italy},
  url =          "http://link.springer.de/link/service/series/0558/tocs/t1857.htm"
}

@INPROCEEDINGS{griffith00self-organizing,
  author =   {Niall Griffith and Derek Partridge},
  title =    {Self-Organizing Decomposition of Functions in the
                  Context of a Unified Framework for Multiple
                  Classifier Systems},
  booktitle =    {Proc. Int. Workshop on Multiple Classifier Systems
                  (LNCS 1857)},
  publisher =    {Springer},
  month =    {June},
  pages =    {250-259},
  year =     2000,
  address =  {Calgiari, Italy},
  url =          "http://link.springer.de/link/service/series/0558/tocs/t1857.htm"
}

@INPROCEEDINGS{grim00combining,
  author =   {Jiri Grim and Josef Kittler and Pavel Pudil and Petr
                  Somol},
  title =    {Combining Multiple Classifiers in Probabilistic
                  Neural Networks},
  booktitle =    {Proc. Int. Workshop on Multiple Classifier Systems
                  (LNCS 1857)},
  publisher =    {Springer},
  month =    {June},
  pages =    {157-166},
  year =     2000,
  address =  {Calgiari, Italy},
  url =          "http://link.springer.de/link/service/series/0558/tocs/t1857.htm"
}

@INPROCEEDINGS{happel00analysis,
  author =   {Mark D. Happel and Peter Bock},
  title =    {Analysis of a Fusion Method for Combining Marginal
                  Classifiers},
  booktitle =    {Proc. Int. Workshop on Multiple Classifier Systems
                  (LNCS 1857)},
  publisher =    {Springer},
  month =    {June},
  pages =    {137-146},
  year =     2000,
  address =  {Calgiari, Italy},
  url =          "http://link.springer.de/link/service/series/0558/tocs/t1857.htm"
}

@INPROCEEDINGS{ho00complexity,
  author =   {Tin Kam Ho},
  title =    {Complexity of Classification Problems and
                  Comparative Advantages of Combined Classifiers},
  booktitle =    {Proc. Int. Workshop on Multiple Classifier Systems
                  (LNCS 1857)},
  publisher =    {Springer},
  month =    {June},
  pages =    {97-106},
  year =     2000,
  address =  {Calgiari, Italy},
  url =          "http://link.springer.de/link/service/series/0558/tocs/t1857.htm"
}

@INPROCEEDINGS{ianakiev00architecture,
  author =   {Krasimir G. Ianakiev and Venu Govindaraju},
  title =    {Architecture for Classifier Combination Using
                  Entropy Measures},
  booktitle =    {Proc. Int. Workshop on Multiple Classifier Systems
                  (LNCS 1857)},
  publisher =    {Springer},
  month =    {June},
  pages =    {340-350},
  year =     2000,
  address =  {Calgiari, Italy},
  url =          "http://link.springer.de/link/service/series/0558/tocs/t1857.htm"
}

@INPROCEEDINGS{impedovo00new,
  author =   {Sebastiano Impedovo and A. Salzo},
  title =    {A New Evaluation Method for Expert Combination in
                  Multi-expert System Designing},
  booktitle =    {Proc. Int. Workshop on Multiple Classifier Systems
                  (LNCS 1857)},
  publisher =    {Springer},
  month =    {June},
  pages =    {230-239},
  year =     2000,
  address =  {Calgiari, Italy},
  url =          "http://link.springer.de/link/service/series/0558/tocs/t1857.htm"
}

@INPROCEEDINGS{jiang00some,
  author =   {Wenxin Jiang},
  title =    {Some Results on Weakly Accurate Base Learners for
                  Boosting Regression and Classification},
  booktitle =    {Proc. Int. Workshop on Multiple Classifier Systems
                  (LNCS 1857)},
  publisher =    {Springer},
  month =    {June},
  pages =    {87-96},
  year =     2000,
  address =  {Calgiari, Italy},
  url =          "http://link.springer.de/link/service/series/0558/tocs/t1857.htm"
}

@INPROCEEDINGS{jiang00classifier,
  author =   {Xiaoyi Jiang and Keren Yu and Horst Bunke},
  title =    {Classifier Combination for Grammar-Guided Sentence
                  Recognition},
  booktitle =    {Proc. Int. Workshop on Multiple Classifier Systems
                  (LNCS 1857)},
  publisher =    {Springer},
  month =    {June},
  pages =    {383-392},
  year =     2000,
  address =  {Calgiari, Italy},
  url =          "http://link.springer.de/link/service/series/0558/tocs/t1857.htm"
}

@INPROCEEDINGS{kleinberg00mathematically,
  author =   {Eugene M. Kleinberg},
  title =    {A Mathematically Rigorous Foundation for Supervised
                  Learning},
  booktitle =    {Proc. Int. Workshop on Multiple Classifier Systems
                  (LNCS 1857)},
  publisher =    {Springer},
  month =    {June},
  pages =    {67-76},
  year =     2000,
  address =  {Calgiari, Italy},
  url =          "http://link.springer.de/link/service/series/0558/tocs/t1857.htm"
}

@INPROCEEDINGS{kumar00hierarchical,
  author =   {Shailesh Kumar and Joydeep Ghosh and Melba
                  M. Crawford},
  title =    {A Hierarchical Multiclassifier System for
                  Hyperspectral Data Analysis},
  booktitle =    {Proc. Int. Workshop on Multiple Classifier Systems
                  (LNCS 1857)},
  publisher =    {Springer},
  month =    {June},
  pages =    {270-279},
  year =     2000,
  address =  {Calgiari, Italy},
  url =          "http://link.springer.de/link/service/series/0558/tocs/t1857.htm"
}

@INPROCEEDINGS{kumazawa00shape,
  author =   {Itsuo Kumazawa},
  title =    {Shape Matching and Extraction by an Array of
                  Figure-and-Ground Classifiers},
  booktitle =    {Proc. Int. Workshop on Multiple Classifier Systems
                  (LNCS 1857)},
  publisher =    {Springer},
  month =    {June},
  pages =    {393-402},
  year =     2000,
  address =  {Calgiari, Italy},
  url =          "http://link.springer.de/link/service/series/0558/tocs/t1857.htm"
}

@INPROCEEDINGS{lam00implementations,
  author =   {Louisa Lam},
  title =    {Classifier Combinations: Implementations and
                  Theoretical Issues},
  booktitle =    {Proc. Int. Workshop on Multiple Classifier Systems
                  (LNCS 1857)},
  publisher =    {Springer},
  month =    {June},
  pages =    {77-86},
  year =     2000,
  address =  {Calgiari, Italy},
  url =          "http://link.springer.de/link/service/series/0558/tocs/t1857.htm"
}

@INPROCEEDINGS{latinne00different,
  author =   {Patrice Latinne and Olivier Debeir and Christine
                  Decaestecker},
  title =    {Different Ways of Weakening Decision Trees and Their
                  Impact on Classification Accuracy of DT Combination},
  booktitle =    {Proc. Int. Workshop on Multiple Classifier Systems
                  (LNCS 1857)},
  publisher =    {Springer},
  month =    {June},
  pages =    {200-209},
  year =     2000,
  address =  {Calgiari, Italy},
  url =          "http://link.springer.de/link/service/series/0558/tocs/t1857.htm"
}

@INPROCEEDINGS{lecce00multi-expert,
  author =   {Vincenzo Di Lecce and Giovanni Dimauro and Andrea
                  Guerriero and Sebastiano Impedovo and Giuseppe Pirlo
                  and A. Salzo},
  title =    {A Multi-expert System for Dynamic Signature
                  Verification},
  booktitle =    {Proc. Int. Workshop on Multiple Classifier Systems
                  (LNCS 1857)},
  publisher =    {Springer},
  month =    {June},
  pages =    {320-329},
  year =     2000,
  address =  {Calgiari, Italy},
  url =          "http://link.springer.de/link/service/series/0558/tocs/t1857.htm"
}

@INPROCEEDINGS{masulli00effectiveness,
  author =   {Francesco Masulli and Giorgio Valentini},
  title =    {Effectiveness of Error Correcting Output Codes in
                  Multiclass Learning Problems},
  booktitle =    {Proc. Int. Workshop on Multiple Classifier Systems
                  (LNCS 1857)},
  publisher =    {Springer},
  month =    {June},
  pages =    {107-116},
  year =     2000,
  address =  {Calgiari, Italy},
  url =          "http://link.springer.de/link/service/series/0558/tocs/t1857.htm"
}

@INPROCEEDINGS{pekalska00combining,
  author =   {Elzbieta Pekalska and Marina Skurichina and Robert
                  P. W. Duin},
  title =    {Combining Fisher Linear Discriminants for
                  Dissimilarity Representations},
  booktitle =    {Proc. Int. Workshop on Multiple Classifier Systems
                  (LNCS 1857)},
  publisher =    {Springer},
  month =    {June},
  pages =    {117-126},
  year =     2000,
  address =  {Calgiari, Italy},
  url =          "http://link.springer.de/link/service/series/0558/tocs/t1857.htm"
}

@INPROCEEDINGS{sharkey00:test,
  author =   {Amanda J. C. Sharkey and Noel E. Sharkey and Uwe
                  Gerecke and G. O. Chandroth},
  title =    {The Test and Select Approach to Ensemble
                  Combination},
  booktitle =    {Proc. Int. Workshop on Multiple Classifier Systems
                  (LNCS 1857)},
  publisher =    {Springer},
  month =    {June},
  pages =    {30-44},
  year =     2000,
  address =  {Calgiari, Italy},
}

@INPROCEEDINGS{skurichina00boosting,
  author =   {Marina Skurichina and Robert P. W. Duin},
  title =    {Boosting in Linear Discriminant Analysis},
  booktitle =    {Proc. Int. Workshop on Multiple Classifier Systems
                  (LNCS 1857)},
  publisher =    {Springer},
  month =    {June},
  pages =    {190-199},
  year =     2000,
  address =  {Calgiari, Italy},
  url =          "http://link.springer.de/link/service/series/0558/tocs/t1857.htm"
}

@INPROCEEDINGS{slavik00use,
  author =   {Petr Slavik and Venu Govindaraju},
  title =    {Use of Lexicon Density in Evaluating Word
                  Recognizers},
  booktitle =    {Proc. Int. Workshop on Multiple Classifier Systems
                  (LNCS 1857)},
  publisher =    {Springer},
  month =    {June},
  pages =    {310-319},
  year =     2000,
  address =  {Calgiari, Italy},
  url =          "http://link.springer.de/link/service/series/0558/tocs/t1857.htm"
}

@INPROCEEDINGS{srihari00survey,
  author =   {Sargur N. Srihari},
  title =    {A Survey of Sequential Combination of Word
                  Recognizers in Handwritten Phrase Recognition at
                  CEDAR},
  booktitle =    {Proc. Int. Workshop on Multiple Classifier Systems
                  (LNCS 1857)},
  publisher =    {Springer},
  month =    {June},
  pages =    {45-51},
  year =     2000,
  address =  {Calgiari, Italy},
  url =          "http://link.springer.de/link/service/series/0558/tocs/t1857.htm"
}

@INPROCEEDINGS{suen00multiple,
  author =   {Ching Y. Suen and Louisa Lam},
  title =    {Multiple Classifier Combination Methodologies for
                  Different Output Levels},
  booktitle =    {Proc. Int. Workshop on Multiple Classifier Systems
                  (LNCS 1857)},
  publisher =    {Springer},
  month =    {June},
  pages =    {52-66},
  year =     2000,
  address =  {Calgiari, Italy},
  url =          "http://link.springer.de/link/service/series/0558/tocs/t1857.htm"
}

@INPROCEEDINGS{takahashi00learning,
  author =   {Katsuhiko Takahashi and Atsushi Sato},
  title =    {A Learning Method of Feature Selection for Rough
                  Classification},
  booktitle =    {Proc. Int. Workshop on Multiple Classifier Systems
                  (LNCS 1857)},
  publisher =    {Springer},
  month =    {June},
  pages =    {127-136},
  year =     2000,
  address =  {Calgiari, Italy},
  url =          "http://link.springer.de/link/service/series/0558/tocs/t1857.htm"
}

@INPROCEEDINGS{wan00multiple,
  author =   {Weijian Wan and Donald Fraser},
  title =    {A Multiple Self-Organizing Map Scheme for Remote
                  Sensing Classification},
  booktitle =    {Proc. Int. Workshop on Multiple Classifier Systems
                  (LNCS 1857)},
  publisher =    {Springer},
  month =    {June},
  pages =    {300-309},
  year =     2000,
  address =  {Calgiari, Italy},
  url =          "http://link.springer.de/link/service/series/0558/tocs/t1857.htm"
}

@INPROCEEDINGS{wang00diversity,
  author =   {Wenjia Wang and Phillis Jones and Derek Partridge},
  title =    {Diversity between Neural Networks and Decision Trees
                  for Building Multiple Classifier Systems},
  booktitle =    {Proc. Int. Workshop on Multiple Classifier Systems
                  (LNCS 1857)},
  publisher =    {Springer},
  month =    {June},
  pages =    {240-249},
  year =     2000,
  address =  {Calgiari, Italy},
  url =          "http://link.springer.de/link/service/series/0558/tocs/t1857.htm"
}

@INPROCEEDINGS{windeatt00classifier,
  author =   {Terry Windeatt},
  title =    {Classifier Instability and Partitioning},
  booktitle =    {Proc. Int. Workshop on Multiple Classifier Systems
                  (LNCS 1857)},
  publisher =    {Springer},
  month =    {June},
  pages =    {260-269},
  year =     2000,
  address =  {Calgiari, Italy},
  url =          "http://link.springer.de/link/service/series/0558/tocs/t1857.htm"
}

@INPROCEEDINGS{alkoot01improving,
  author =   {Fuad M. Alkoot and Josef Kittler},
  title =    {Improving Product by Moderating k-NN Classifiers},
  booktitle =    {Proc. Int. Workshop on Multiple Classifier Systems
                  (LNCS 2096)},
  publisher =    {Springer},
  month =    {June},
  pages =    {429-439},
  year =     2001,
  address =  {Cambridge, UK},
  url =          "http://link.springer.de/link/service/series/0558/tocs/t2096.htm"
}

@INPROCEEDINGS{briem01boosting,
  author =   {Gunnar Jakob Briem and Jon Atli Benediktsson and
                  Johannes R. Sveinsson},
  title =    {Boosting, Bagging, and Consensus Based
                  Classification of Multisource Remote Sensing Data},
  booktitle =    {Proc. Int. Workshop on Multiple Classifier Systems
                  (LNCS 2096)},
  publisher =    {Springer},
  month =    {June},
  pages =    {279-288},
  year =     2001,
  address =  {Cambridge, UK},
  url =          "http://link.springer.de/link/service/series/0558/tocs/t2096.htm"
}

@INPROCEEDINGS{bruzzone01robust,
  author =   {Lorenzo Bruzzone and Roberto Cossu},
  title =    {A Robust Multiple Classifier System for a Partially
                  Unsupervised Updating of Land-Cover Maps},
  booktitle =    {Proc. Int. Workshop on Multiple Classifier Systems
                  (LNCS 2096)},
  publisher =    {Springer},
  month =    {June},
  pages =    {259-268},
  year =     2001,
  address =  {Cambridge, UK},
  url =          "http://link.springer.de/link/service/series/0558/tocs/t2096.htm"
}

@INPROCEEDINGS{chen01averaging,
  author =   {Dechang Chen and Jian Liu},
  title =    {Averaging Weak Classifiers},
  booktitle =    {Proc. Int. Workshop on Multiple Classifier Systems
                  (LNCS 2096)},
  publisher =    {Springer},
  month =    {June},
  pages =    {119-125},
  year =     2001,
  address =  {Cambridge, UK},
  url =          "http://link.springer.de/link/service/series/0558/tocs/t2096.htm"
}

@INPROCEEDINGS{cohen01automatic,
  author =   {Shimon Cohen and Nathan Intrator},
  title =    {Automatic Model Selection in a Hybrid
                  Perceptron/Radial Network},
  booktitle =    {Proc. Int. Workshop on Multiple Classifier Systems
                  (LNCS 2096)},
  publisher =    {Springer},
  month =    {June},
  pages =    {440-454},
  year =     2001,
  address =  {Cambridge, UK},
  url =          "http://link.springer.de/link/service/series/0558/tocs/t2096.htm"
}

@INPROCEEDINGS{dahmen01combined,
  author =   {Jurg Dahmen and Daniel Keysers and Hermann Ney},
  title =    {Combined Classification of Handwritten Digits Using
                  the \'Virtual Test Sample Method\'},
  booktitle =    {Proc. Int. Workshop on Multiple Classifier Systems
                  (LNCS 2096)},
  publisher =    {Springer},
  month =    {June},
  pages =    {109-118},
  year =     2001,
  address =  {Cambridge, UK},
  url =          "http://link.springer.de/link/service/series/0558/tocs/t2096.htm"
}

@INPROCEEDINGS{dietrich01classification,
  author =   {Christian Dietrich and Friedhelm Schwenker and
                  Gunther Palm},
  title =    {Classification of Time Series Utilizing Temporal and
                  Decision Fusion},
  booktitle =    {Proc. Int. Workshop on Multiple Classifier Systems
                  (LNCS 2096)},
  publisher =    {Springer},
  month =    {June},
  pages =    {378-387},
  year =     2001,
  address =  {Cambridge, UK},
  url =          "http://link.springer.de/link/service/series/0558/tocs/t2096.htm"
}

@INPROCEEDINGS{diez01learning,
  author =   {Juan J. Rodriguez Diez and Carlos Alonso Gonzalez},
  title =    {Learning Classification RBF Networks by Boosting},
  booktitle =    {Proc. Int. Workshop on Multiple Classifier Systems
                  (LNCS 2096)},
  publisher =    {Springer},
  month =    {June},
  pages =    {43-52},
  year =     2001,
  address =  {Cambridge, UK},
  url =          "http://link.springer.de/link/service/series/0558/tocs/t2096.htm"
}

@INPROCEEDINGS{dolenko01solar,
  author =   {S. A. Dolenko and Yu. V. Orlov and I. G. Persiantsev
                  and Ju. S. Shugai and A. V. Dmitriev and
                  A. V. Suvorova and I. S. Veselovsky},
  title =    {Solar Wind Data Analysis Using Self-Organizing
                  Hierarchical Neural Network Classifiers},
  booktitle =    {Proc. Int. Workshop on Multiple Classifier Systems
                  (LNCS 2096)},
  publisher =    {Springer},
  month =    {June},
  pages =    {289-298},
  year =     2001,
  address =  {Cambridge, UK},
  url =          "http://link.springer.de/link/service/series/0558/tocs/t2096.htm"
}

@INPROCEEDINGS{foggia01automatic,
  author =   {Pasquale Foggia and Carlo Sansone and Francesco
                  Tortorella and Mario Vento},
  title =    {Automatic Classification of Clustered
                  Microcalcifications by a Multiple Classifier System},
  booktitle =    {Proc. Int. Workshop on Multiple Classifier Systems
                  (LNCS 2096)},
  publisher =    {Springer},
  month =    {June},
  pages =    {208-217},
  year =     2001,
  address =  {Cambridge, UK},
  url =          "http://link.springer.de/link/service/series/0558/tocs/t2096.htm"
}

@INPROCEEDINGS{fred01finding,
  author =   {Ana L. N. Fred},
  title =    {Finding Consistent Clusters in Data Partitions},
  booktitle =    {Proc. Int. Workshop on Multiple Classifier Systems
                  (LNCS 2096)},
  publisher =    {Springer},
  month =    {June},
  pages =    {309-318},
  year =     2001,
  address =  {Cambridge, UK},
  url =          "http://link.springer.de/link/service/series/0558/tocs/t2096.htm"
}

@INPROCEEDINGS{froba01on,
  author =   {Bernhard Froba and Walter Zink},
  title =    {On the Combination of Different Template Matching
                  Strategies for Fast Face Detection},
  booktitle =    {Proc. Int. Workshop on Multiple Classifier Systems
                  (LNCS 2096)},
  publisher =    {Springer},
  month =    {June},
  pages =    {418-428},
  year =     2001,
  address =  {Cambridge, UK},
  url =          "http://link.springer.de/link/service/series/0558/tocs/t2096.htm"
}

@INPROCEEDINGS{frossyniotis01multi-svm,
  author =   {Dimitrios S. Frossyniotis and Andreas Stafylopatis},
  title =    {A Multi-SVM Classification System},
  booktitle =    {Proc. Int. Workshop on Multiple Classifier Systems
                  (LNCS 2096)},
  publisher =    {Springer},
  month =    {June},
  pages =    {198-207},
  year =     2001,
  address =  {Cambridge, UK},
  url =          "http://link.springer.de/link/service/series/0558/tocs/t2096.htm"
}

@INPROCEEDINGS{fumera01error,
  author =   {Giorgio Fumera and Fabio Roli},
  title =    {Error Rejection in Linearly Combined Multiple
                  Classifiers},
  booktitle =    {Proc. Int. Workshop on Multiple Classifier Systems
                  (LNCS 2096)},
  publisher =    {Springer},
  month =    {June},
  pages =    {329-338},
  year =     2001,
  address =  {Cambridge, UK},
  url =          "http://link.springer.de/link/service/series/0558/tocs/t2096.htm"
}

@INPROCEEDINGS{ghaderi01least,
  author =   {Reza Ghaderi and Terry Windeatt},
  title =    {Least Squares and Estimation Measures via Error
                  Correcting Output Code},
  booktitle =    {Proc. Int. Workshop on Multiple Classifier Systems
                  (LNCS 2096)},
  publisher =    {Springer},
  month =    {June},
  pages =    {148-157},
  year =     2001,
  address =  {Cambridge, UK},
  url =          "http://link.springer.de/link/service/series/0558/tocs/t2096.htm"
}

@INPROCEEDINGS{gini01mixing,
  author =   {Giuseppina C. Gini and Marco Lorenzini and Emilio
                  Benfenati and Raffaella Brambilla and Luca Malve},
  title =    {Mixing a Symbolic and a Subsymbolic Expert to
                  Improve Carcinogenicity Prediction of Aromatic
                  Compounds},
  booktitle =    {Proc. Int. Workshop on Multiple Classifier Systems
                  (LNCS 2096)},
  publisher =    {Springer},
  month =    {June},
  pages =    {126-135},
  year =     2001,
  address =  {Cambridge, UK},
  url =          "http://link.springer.de/link/service/series/0558/tocs/t2096.htm"
}

@INPROCEEDINGS{grim01information,
  author =   {Jiri Grim and Josef Kittler and Pavel Pudil and Petr
                  Somol},
  title =    {Information Analysis of Multiple Classifier Fusion},
  booktitle =    {Proc. Int. Workshop on Multiple Classifier Systems
                  (LNCS 2096)},
  publisher =    {Springer},
  month =    {June},
  pages =    {168-177},
  year =     2001,
  address =  {Cambridge, UK},
  url =          "http://link.springer.de/link/service/series/0558/tocs/t2096.htm"
}

@INPROCEEDINGS{hand01multiple,
  author =   {David J. Hand and Niall M. Adams and Mark G. Kelly},
  title =    {Multiple Classifier Systems Based on Interpretable
                  Linear Classifiers},
  booktitle =    {Proc. Int. Workshop on Multiple Classifier Systems
                  (LNCS 2096)},
  publisher =    {Springer},
  month =    {June},
  pages =    {136-147},
  year =     2001,
  address =  {Cambridge, UK},
  url =          "http://link.springer.de/link/service/series/0558/tocs/t2096.htm"
}

@INPROCEEDINGS{hartono01learning-data,
  author =   {Pitoyo Hartono and Shuji Hashimoto},
  title =    {Learning-Data Selection Mechanism through Neural
                  Networks Ensemble},
  booktitle =    {Proc. Int. Workshop on Multiple Classifier Systems
                  (LNCS 2096)},
  publisher =    {Springer},
  month =    {June},
  pages =    {188-197},
  year =     2001,
  address =  {Cambridge, UK},
  url =          "http://link.springer.de/link/service/series/0558/tocs/t2096.htm"
}

@INPROCEEDINGS{higgins01application,
  author =   {Jonathan E. Higgins and Tony J. Dodd and Robert
                  I. Damper},
  title =    {Application of Multiple Classifier Techniques to
                  Subband Speaker Identification with an HMM/ANN
                  System},
  booktitle =    {Proc. Int. Workshop on Multiple Classifier Systems
                  (LNCS 2096)},
  publisher =    {Springer},
  month =    {June},
  pages =    {369-377},
  year =     2001,
  address =  {Cambridge, UK},
  url =          "http://link.springer.de/link/service/series/0558/tocs/t2096.htm"
}

@INPROCEEDINGS{ho01data,
  author =   {Tin Kam Ho},
  title =    {Data Complexity Analysis for Classifier Combination},
  booktitle =    {Proc. Int. Workshop on Multiple Classifier Systems
                  (LNCS 2096)},
  publisher =    {Springer},
  month =    {June},
  pages =    {53-67},
  year =     2001,
  address =  {Cambridge, UK},
  url =          "http://link.springer.de/link/service/series/0558/tocs/t2096.htm"
}

@INPROCEEDINGS{jorgensen01feature,
  author =   {Thomas Martini Jorgensen and Christian Linneberg},
  title =    {Feature Weighted Ensemble Classifiers - A Modified
                  Decision Scheme},
  booktitle =    {Proc. Int. Workshop on Multiple Classifier Systems
                  (LNCS 2096)},
  publisher =    {Springer},
  month =    {June},
  pages =    {218-227},
  year =     2001,
  address =  {Cambridge, UK},
  url =          "http://link.springer.de/link/service/series/0558/tocs/t2096.htm"
}

@INPROCEEDINGS{kittler01relationship,
  author =   {Josef Kittler and Fuad M. Alkoot},
  title =    {Relationship of Sum and Vote Fusion Strategies},
  booktitle =    {Proc. Int. Workshop on Multiple Classifier Systems
                  (LNCS 2096)},
  publisher =    {Springer},
  month =    {June},
  pages =    {339-348},
  year =     2001,
  address =  {Cambridge, UK},
  url =          "http://link.springer.de/link/service/series/0558/tocs/t2096.htm"
}

@INPROCEEDINGS{kuncheva01complexity,
  author =   {Ludmila Kuncheva and Fabio Roli and Gian Luca
                  Marcialis and Catherine A. Shipp},
  title =    {Complexity of Data Subsets Generated by the Random
                  Subspace Method: An Experimental Investigation},
  booktitle =    {Proc. Int. Workshop on Multiple Classifier Systems
                  (LNCS 2096)},
  publisher =    {Springer},
  month =    {June},
  pages =    {349-358},
  year =     2001,
  address =  {Cambridge, UK},
  url =          "http://link.springer.de/link/service/series/0558/tocs/t2096.htm"
}

@INPROCEEDINGS{kuncheva01feature,
  author =   {Ludmila Kuncheva and Christopher J. Whitaker},
  title =    {Feature Subsets for Classifier Combination: An
                  Enumerative Experiment},
  booktitle =    {Proc. Int. Workshop on Multiple Classifier Systems
                  (LNCS 2096)},
  publisher =    {Springer},
  month =    {June},
  pages =    {228-237},
  year =     2001,
  address =  {Cambridge, UK},
  url =          "http://link.springer.de/link/service/series/0558/tocs/t2096.htm"
}

@INPROCEEDINGS{langdon01genetic,
  author =   {William B. Langdon and Bernard F. Buxton},
  title =    {Genetic Programming for Improved Receiver Operating
                  Characteristics},
  booktitle =    {Proc. Int. Workshop on Multiple Classifier Systems
                  (LNCS 2096)},
  publisher =    {Springer},
  month =    {June},
  pages =    {68-77},
  year =     2001,
  address =  {Cambridge, UK},
  url =          "http://link.springer.de/link/service/series/0558/tocs/t2096.htm"
  keywords =     {genetic algorithms, genetic programming, data
                  fusion, data mining, knowledge discovery, Receiver
                  Operating Characteristics, ensemble of classifiers,
                  size fair crossover},
  isbn =     {3-540-42284-6 },
  size =     {10 pages},
  abstract =     {Genetic programming (GP) can automatically fuse
                  given classifiers to produce a combined classifier
                  whose Receiver Operating Characteristics (ROC) are
                  better than scott:1998:BMVC ``Maximum Realisable
                  Receiver Operating Characteristics''
                  (MRROC). I.e. better than their convex hull. This is
                  demonstrated on artificial, medical and satellite
                  image processing bench marks.},
}

@INPROCEEDINGS{latinne01limiting,
  author =   {Patrice Latinne and Olivier Debeir and Christine
                  Decaestecker},
  title =    {Limiting the Number of Trees in Random Forests},
  booktitle =    {Proc. Int. Workshop on Multiple Classifier Systems
                  (LNCS 2096)},
  publisher =    {Springer},
  month =    {June},
  pages =    {178-187},
  year =     2001,
  address =  {Cambridge, UK},
  url =          "http://link.springer.de/link/service/series/0558/tocs/t2096.htm"
}

@INPROCEEDINGS{luttrell01self-organising,
  author =   {S. P. Luttrell},
  title =    {A Self-Organising Approach to Multiple Classifier
                  Fusion},
  booktitle =    {Proc. Int. Workshop on Multiple Classifier Systems
                  (LNCS 2096)},
  publisher =    {Springer},
  month =    {June},
  pages =    {319-328},
  year =     2001,
  address =  {Cambridge, UK},
  url =          "http://link.springer.de/link/service/series/0558/tocs/t2096.htm"
}

@INPROCEEDINGS{marti01use,
  author =   {Urs-Viktor Marti and Horst Bunke},
  title =    {Use of Positional Information in Sequence Alignment
                  for Multiple Classifier Combination},
  booktitle =    {Proc. Int. Workshop on Multiple Classifier Systems
                  (LNCS 2096)},
  publisher =    {Springer},
  month =    {June},
  pages =    {388-398},
  year =     2001,
  address =  {Cambridge, UK},
  url =          "http://link.springer.de/link/service/series/0558/tocs/t2096.htm"
}

@INPROCEEDINGS{masulli01dependence,
  author =   {Francesco Masulli and Giorgio Valentini},
  title =    {Dependence among Codeword Bits Errors in ECOC
                  Learning Machines: An Experimental Analysis},
  booktitle =    {Proc. Int. Workshop on Multiple Classifier Systems
                  (LNCS 2096)},
  publisher =    {Springer},
  month =    {June},
  pages =    {158-167},
  year =     2001,
  address =  {Cambridge, UK},
  url =          "http://link.springer.de/link/service/series/0558/tocs/t2096.htm"
}

@INPROCEEDINGS{merler01tuning,
  author =   {Stefano Merler and Cesare Furlanello and Barbara
                  Larcher and Andrea Sboner},
  title =    {Tuning Cost-Sensitive Boosting and Its Application
                  to Melanoma Diagnosis},
  booktitle =    {Proc. Int. Workshop on Multiple Classifier Systems
                  (LNCS 2096)},
  publisher =    {Springer},
  month =    {June},
  pages =    {32-42},
  year =     2001,
  address =  {Cambridge, UK},
  url =          "http://link.springer.de/link/service/series/0558/tocs/t2096.htm"
}

@INPROCEEDINGS{oza01input,
  author =   {Nikunj C. Oza and Kagan Tumer},
  title =    {Input Decimation Ensembles: Decorrelation through
                  Dimensionality Reduction},
  booktitle =    {Proc. Int. Workshop on Multiple Classifier Systems
                  (LNCS 2096)},
  publisher =    {Springer},
  month =    {June},
  pages =    {238-247},
  year =     2001,
  address =  {Cambridge, UK},
  url =          "http://link.springer.de/link/service/series/0558/tocs/t2096.htm"
}

@INPROCEEDINGS{pekalska01on,
  author =   {Elzbieta Pekalska and Robert P. W. Duin},
  title =    {On Combining Dissimilarity Representations},
  booktitle =    {Proc. Int. Workshop on Multiple Classifier Systems
                  (LNCS 2096)},
  publisher =    {Springer},
  month =    {June},
  pages =    {359-368},
  year =     2001,
  address =  {Cambridge, UK},
  url =          "http://link.springer.de/link/service/series/0558/tocs/t2096.htm"
}

@INPROCEEDINGS{prabhakar01decision-level,
  author =   {Salil Prabhakar and Anil K. Jain},
  title =    {Decision-Level Fusion in Fingerprint Verification},
  booktitle =    {Proc. Int. Workshop on Multiple Classifier Systems
                  (LNCS 2096)},
  publisher =    {Springer},
  month =    {June},
  pages =    {88-98},
  year =     2001,
  address =  {Cambridge, UK},
  url =          "http://link.springer.de/link/service/series/0558/tocs/t2096.htm"
}

@INPROCEEDINGS{roli01methods,
  author =   {Fabio Roli and Giorgio Giacinto and Gianni Vernazza},
  title =    {Methods for Designing Multiple Classifier Systems},
  booktitle =    {Proc. Int. Workshop on Multiple Classifier Systems
                  (LNCS 2096)},
  publisher =    {Springer},
  month =    {June},
  pages =    {78-87},
  year =     2001,
  address =  {Cambridge, UK},
  url =          "http://link.springer.de/link/service/series/0558/tocs/t2096.htm"
}

@INPROCEEDINGS{ruta01application,
  author =   {Dymitr Ruta and Bogdan Gabrys},
  title =    {Application of the Evolutionary Algorithms for
                  Classifier Selection in Multiple Classifier Systems
                  with Majority Voting},
  booktitle =    {Proc. Int. Workshop on Multiple Classifier Systems
                  (LNCS 2096)},
  publisher =    {Springer},
  month =    {June},
  pages =    {399-408},
  year =     2001,
  address =  {Cambridge, UK},
  url =          "http://link.springer.de/link/service/series/0558/tocs/t2096.htm"
}

@INPROCEEDINGS{schwenker01tree-structured,
  author =   {Friedhelm Schwenker and Gunther Palm},
  title =    {Tree-Structured Support Vector Machines for
                  Multi-class Pattern Recognition},
  booktitle =    {Proc. Int. Workshop on Multiple Classifier Systems
                  (LNCS 2096)},
  publisher =    {Springer},
  month =    {June},
  pages =    {409-417},
  year =     2001,
  address =  {Cambridge, UK},
  url =          "http://link.springer.de/link/service/series/0558/tocs/t2096.htm"
}

@INPROCEEDINGS{sirlantzis01genetic,
  author =   {Konstantinos Sirlantzis and Michael C. Fairhurst and
                  Sanaul Hoque},
  title =    {Genetic Algorithms for Multi-classifier System
                  Configuration: A Case Study in Character
                  Recognition},
  booktitle =    {Proc. Int. Workshop on Multiple Classifier Systems
                  (LNCS 2096)},
  publisher =    {Springer},
  month =    {June},
  pages =    {99-108},
  year =     2001,
  address =  {Cambridge, UK},
  url =          "http://link.springer.de/link/service/series/0558/tocs/t2096.htm"
}

@INPROCEEDINGS{skurichina01bagging,
  author =   {Marina Skurichina and Robert P. W. Duin},
  title =    {Bagging and the Random Subspace Method for Redundant
                  Feature Spaces},
  booktitle =    {Proc. Int. Workshop on Multiple Classifier Systems
                  (LNCS 2096)},
  publisher =    {Springer},
  month =    {June},
  pages =    {1-10},
  year =     2001,
  address =  {Cambridge, UK},
  url =          "http://link.springer.de/link/service/series/0558/tocs/t2096.htm"
}

@INPROCEEDINGS{smits01combining,
  author =   {Paul C. Smits},
  title =    {Combining Supervised Remote Sensing Image
                  Classifiers Based on Individual Class Performances},
  booktitle =    {Proc. Int. Workshop on Multiple Classifier Systems
                  (LNCS 2096)},
  publisher =    {Springer},
  month =    {June},
  pages =    {269-278},
  year =     2001,
  address =  {Cambridge, UK},
  url =          "http://link.springer.de/link/service/series/0558/tocs/t2096.htm"
}

@INPROCEEDINGS{tapia01generalized,
  author =   {Elizabeth Tapia and Jose Carlos Gonzalez and Julio
                  Villena},
  title =    {A Generalized Class of Boosting Algorithms Based on
                  Recursive Decoding Models},
  booktitle =    {Proc. Int. Workshop on Multiple Classifier Systems
                  (LNCS 2096)},
  publisher =    {Springer},
  month =    {June},
  pages =    {22-31},
  year =     2001,
  address =  {Cambridge, UK},
  url =          "http://link.springer.de/link/service/series/0558/tocs/t2096.htm"
}

@INPROCEEDINGS{tax01combining,
  author =   {David M. J. Tax and Robert P. W. Duin},
  title =    {Combining One-Class Classifiers},
  booktitle =    {Proc. Int. Workshop on Multiple Classifier Systems
                  (LNCS 2096)},
  publisher =    {Springer},
  month =    {June},
  pages =    {299-308},
  year =     2001,
  address =  {Cambridge, UK},
  url =          "http://link.springer.de/link/service/series/0558/tocs/t2096.htm"
}

@INPROCEEDINGS{wickramaratna01performance,
  author =   {Jeevani Wickramaratna and Sean B. Holden and Bernard
                  F. Buxton},
  title =    {Performance Degradation in Boosting},
  booktitle =    {Proc. Int. Workshop on Multiple Classifier Systems
                  (LNCS 2096)},
  publisher =    {Springer},
  month =    {June},
  pages =    {11-21},
  year =     2001,
  address =  {Cambridge, UK},
  url =          "http://link.springer.de/link/service/series/0558/tocs/t2096.htm"
}

@INPROCEEDINGS{windridge01classifier,
  author =   {David Windridge and Josef Kittler},
  title =    {Classifier Combination as a Tomographic Process},
  booktitle =    {Proc. Int. Workshop on Multiple Classifier Systems
                  (LNCS 2096)},
  publisher =    {Springer},
  month =    {June},
  pages =    {248-258},
  year =     2001,
  address =  {Cambridge, UK},
  url =          "http://link.springer.de/link/service/series/0558/tocs/t2096.htm"
}

@INPROCEEDINGS{altincay02post-processing,
  author =   {Hakan Altincay and Mubeccel Demirekler},
  title =    {Post-processing of Classifier Outputs in Multiple
                  Classifier Systems},
  booktitle =    {Proc. Int. Workshop on Multiple Classifier Systems
                  (LNCS 2364)},
  publisher =    {Springer},
  month =    {June},
  pages =    {159-168},
  year =     2002,
  address =  {Calgiari, Italy},
  url =          "http://link.springer.de/link/service/series/0558/tocs/t2364.htm"
}

@INPROCEEDINGS{benfenati02combining,
  author =   {Emilio Benfenati and Paolo Mazzatorta and Daniel
                  Neagu and Giuseppina C. Gini},
  title =    {Combining Classifiers of Pesticides Toxicity through
                  a Neuro-fuzzy Approach},
  booktitle =    {Proc. Int. Workshop on Multiple Classifier Systems
                  (LNCS 2364)},
  publisher =    {Springer},
  month =    {June},
  pages =    {293-303},
  year =     2002,
  address =  {Calgiari, Italy},
  url =          "http://link.springer.de/link/service/series/0558/tocs/t2364.htm"
}

@INPROCEEDINGS{caprile02highlighting,
  author =   {Bruno Caprile and Cesare Furlanello and Stefano
                  Merler},
  title =    {Highlighting Hard Patterns via AdaBoost Weights
                  Evolution},
  booktitle =    {Proc. Int. Workshop on Multiple Classifier Systems
                  (LNCS 2364)},
  publisher =    {Springer},
  month =    {June},
  pages =    {72-80},
  year =     2002,
  address =  {Calgiari, Italy},
  url =          "http://link.springer.de/link/service/series/0558/tocs/t2364.htm"
}

@INPROCEEDINGS{chawla02distributed,
  author =   {Nitesh V. Chawla and Lawrence O. Hall and Kevin
                  W. Bowyer and Thomas E. Moore and W. Philip
                  Kegelmeyer},
  title =    {Distributed Pasting of Small Votes},
  booktitle =    {Proc. Int. Workshop on Multiple Classifier Systems
                  (LNCS 2364)},
  publisher =    {Springer},
  month =    {June},
  pages =    {52-61},
  year =     2002,
  address =  {Calgiari, Italy},
  url =          "http://link.springer.de/link/service/series/0558/tocs/t2364.htm"
}

@INPROCEEDINGS{cohen02forward,
  author =   {Shimon Cohen and Nathan Intrator},
  title =    {Forward and Backward Selection in Regression Hybrid
                  Network},
  booktitle =    {Proc. Int. Workshop on Multiple Classifier Systems
                  (LNCS 2364)},
  publisher =    {Springer},
  month =    {June},
  pages =    {98-107},
  year =     2002,
  address =  {Calgiari, Italy},
  url =          "http://link.springer.de/link/service/series/0558/tocs/t2364.htm"
}

@INPROCEEDINGS{cordella02multi-expert,
  author =   {Luigi P. Cordella and Massimo De Santo and Gennaro
                  Percannella and Carlo Sansone and Mario Vento},
  title =    {A Multi-expert System for Movie Segmentation},
  booktitle =    {Proc. Int. Workshop on Multiple Classifier Systems
                  (LNCS 2364)},
  publisher =    {Springer},
  month =    {June},
  pages =    {304-313},
  year =     2002,
  address =  {Calgiari, Italy},
  url =          "http://link.springer.de/link/service/series/0558/tocs/t2364.htm"
}

@INPROCEEDINGS{dzeroski02stacking,
  author =   {Saso Dzeroski and Bernard Zenko},
  title =    {Stacking with Multi-response Model Trees},
  booktitle =    {Proc. Int. Workshop on Multiple Classifier Systems
                  (LNCS 2364)},
  publisher =    {Springer},
  month =    {June},
  pages =    {201-211},
  year =     2002,
  address =  {Calgiari, Italy},
  url =          "http://link.springer.de/link/service/series/0558/tocs/t2364.htm"
}

@INPROCEEDINGS{ghosh02multiclassifier,
  author =   {Joydeep Ghosh},
  title =    {Multiclassifier Systems: Back to the Future},
  booktitle =    {Proc. Int. Workshop on Multiple Classifier Systems
                  (LNCS 2364)},
  publisher =    {Springer},
  month =    {June},
  pages =    {1-15},
  year =     2002,
  address =  {Calgiari, Italy},
  url =          "http://link.springer.de/link/service/series/0558/tocs/t2364.htm"
}

@INPROCEEDINGS{gunter02generating,
  author =   {Simon Gunter and Horst Bunke},
  title =    {Generating Classifier Ensembles from Multiple
                  Prototypes and Its Application to Handwriting
                  Recognition},
  booktitle =    {Proc. Int. Workshop on Multiple Classifier Systems
                  (LNCS 2364)},
  publisher =    {Springer},
  month =    {June},
  pages =    {179-188},
  year =     2002,
  address =  {Calgiari, Italy},
  url =          "http://link.springer.de/link/service/series/0558/tocs/t2364.htm"
}

@INPROCEEDINGS{janeliunas02reduction,
  author =   {Arunas Janeliunas and Sarunas Raudys},
  title =    {Reduction of the Boasting Bias of Linear Experts},
  booktitle =    {Proc. Int. Workshop on Multiple Classifier Systems
                  (LNCS 2364)},
  publisher =    {Springer},
  month =    {June},
  pages =    {242-251},
  year =     2002,
  address =  {Calgiari, Italy},
  url =          "http://link.springer.de/link/service/series/0558/tocs/t2364.htm"
}

@INPROCEEDINGS{kittler02decision,
  author =   {Josef Kittler and Marco Ballette and Jacek Czyz and
                  Fabio Roli and Luc Vandendorpe},
  title =    {Decision Level Fusion of Intramodal Personal
                  Identity Verification Experts},
  booktitle =    {Proc. Int. Workshop on Multiple Classifier Systems
                  (LNCS 2364)},
  publisher =    {Springer},
  month =    {June},
  pages =    {314-324},
  year =     2002,
  address =  {Calgiari, Italy},
  url =          "http://link.springer.de/link/service/series/0558/tocs/t2364.htm"
}

@INPROCEEDINGS{kuncheva02using,
  author =   {Ludmila Kuncheva and Christopher Whitaker},
  title =    {Using Diversity with Three Variants of Boosting:
                  Aggressive, Conservative, and Inverse},
  booktitle =    {Proc. Int. Workshop on Multiple Classifier Systems
                  (LNCS 2364)},
  publisher =    {Springer},
  month =    {June},
  pages =    {81-90},
  year =     2002,
  address =  {Calgiari, Italy},
  url =          "http://link.springer.de/link/service/series/0558/tocs/t2364.htm"
}

@INPROCEEDINGS{lai02on,
  author =   {Carmen Lai and David M. J. Tax and Robert P. W. Duin
                  and Elzbieta Pekalska and Pavel Pacl?k},
  title =    {On Combining One-Class Classifiers for Image
                  Database Retrieval},
  booktitle =    {Proc. Int. Workshop on Multiple Classifier Systems
                  (LNCS 2364)},
  publisher =    {Springer},
  month =    {June},
  pages =    {212-221},
  year =     2002,
  address =  {Calgiari, Italy},
  url =          "http://link.springer.de/link/service/series/0558/tocs/t2364.htm"
}

@INPROCEEDINGS{masulli02boosting,
  author =   {Francesco Masulli and Matteo Pardo and Giorgio
                  Sberveglieri and Giorgio Valentini},
  title =    {Boosting and Classification of Electronic Nose Data},
  booktitle =    {Proc. Int. Workshop on Multiple Classifier Systems
                  (LNCS 2364)},
  publisher =    {Springer},
  month =    {June},
  pages =    {262-271},
  year =     2002,
  address =  {Calgiari, Italy},
  url =          "http://link.springer.de/link/service/series/0558/tocs/t2364.htm"
}

@INPROCEEDINGS{minguill?n02classifier,
  author =   {Juli? Minguill?n and Anne Rosemary Tate and Carles
                  Ar?s and John R. Griffiths},
  title =    {Classifier Combination for In Vivo Magnetic
                  Resonance Spectra of Brain Tumours},
  booktitle =    {Proc. Int. Workshop on Multiple Classifier Systems
                  (LNCS 2364)},
  publisher =    {Springer},
  month =    {June},
  pages =    {282-292},
  year =     2002,
  address =  {Calgiari, Italy},
  url =          "http://link.springer.de/link/service/series/0558/tocs/t2364.htm"
}

@INPROCEEDINGS{mola02discriminant,
  author =   {Francesco Mola and Roberta Siciliano},
  title =    {Discriminant Analysis and Factorial Multiple Splits
                  in Recursive Partitioning for Data Mining},
  booktitle =    {Proc. Int. Workshop on Multiple Classifier Systems
                  (LNCS 2364)},
  publisher =    {Springer},
  month =    {June},
  pages =    {118-126},
  year =     2002,
  address =  {Calgiari, Italy},
  url =          "http://link.springer.de/link/service/series/0558/tocs/t2364.htm"
}

@INPROCEEDINGS{morgan02adaptive,
  author =   {Joseph T. Morgan and Alex Henneguelle and Melba
                  M. Crawford and Joydeep Ghosh and Amy
                  Neuenschwander},
  title =    {Adaptive Feature Spaces for Land Cover
                  Classification with Limited Ground Truth Data},
  booktitle =    {Proc. Int. Workshop on Multiple Classifier Systems
                  (LNCS 2364)},
  publisher =    {Springer},
  month =    {June},
  pages =    {189-200},
  year =     2002,
  address =  {Calgiari, Italy},
  url =          "http://link.springer.de/link/service/series/0558/tocs/t2364.htm"
}

@INPROCEEDINGS{pekalska02discussion,
  author =   {Elzbieta Pekalska and Robert P. W. Duin and Marina
                  Skurichina},
  title =    {A Discussion on the Classifier Projection Space for
                  Classifier Combining},
  booktitle =    {Proc. Int. Workshop on Multiple Classifier Systems
                  (LNCS 2364)},
  publisher =    {Springer},
  month =    {June},
  pages =    {137-148},
  year =     2002,
  address =  {Calgiari, Italy},
  url =          "http://link.springer.de/link/service/series/0558/tocs/t2364.htm"
}

@INPROCEEDINGS{raudys02multiple,
  author =   {Sarunas Raudys},
  title =    {Multiple Classification Systems in the Context of
                  Feature Extraction and Selection},
  booktitle =    {Proc. Int. Workshop on Multiple Classifier Systems
                  (LNCS 2364)},
  publisher =    {Springer},
  month =    {June},
  pages =    {27-41},
  year =     2002,
  address =  {Calgiari, Italy},
  url =          "http://link.springer.de/link/service/series/0558/tocs/t2364.htm"
}

@INPROCEEDINGS{roli02analysis,
  author =   {Fabio Roli and Giorgio Fumera},
  title =    {Analysis of Linear and Order Statistics Combiners
                  for Fusion of Imbalanced Classifiers},
  booktitle =    {Proc. Int. Workshop on Multiple Classifier Systems
                  (LNCS 2364)},
  publisher =    {Springer},
  month =    {June},
  pages =    {252-261},
  year =     2002,
  address =  {Calgiari, Italy},
  url =          "http://link.springer.de/link/service/series/0558/tocs/t2364.htm"
}

@INPROCEEDINGS{roli02identity,
  author =   {Fabio Roli and Josef Kittler and Giorgio Fumera and
                  Daniele Muntoni},
  title =    {An Experimental Comparison of Classifier Fusion
                  Rules for Multimodal Personal Identity Verification
                  Systems},
  booktitle =    {Proc. Int. Workshop on Multiple Classifier Systems
                  (LNCS 2364)},
  publisher =    {Springer},
  month =    {June},
  pages =    {325-336},
  year =     2002,
  address =  {Calgiari, Italy},
  url =          "http://link.springer.de/link/service/series/0558/tocs/t2364.htm"
}

@INPROCEEDINGS{roli02experimental,
  author =   {Fabio Roli and Sarunas Raudys and Gian Luca
                  Marcialis},
  title =    {An Experimental Comparison of Fixed and Trained
                  Fusion Rules for Crisp Classifier Outputs},
  booktitle =    {Proc. Int. Workshop on Multiple Classifier Systems
                  (LNCS 2364)},
  publisher =    {Springer},
  month =    {June},
  pages =    {232-241},
  year =     2002,
  address =  {Calgiari, Italy},
  url =          "http://link.springer.de/link/service/series/0558/tocs/t2364.htm"
}

@INPROCEEDINGS{ruta02new,
  author =   {Dymitr Ruta and Bogdan Gabrys},
  title =    {New Measure of Classifier Dependency in Multiple
                  Classifier Systems},
  booktitle =    {Proc. Int. Workshop on Multiple Classifier Systems
                  (LNCS 2364)},
  publisher =    {Springer},
  month =    {June},
  pages =    {127-136},
  year =     2002,
  address =  {Calgiari, Italy},
  url =          "http://link.springer.de/link/service/series/0558/tocs/t2364.htm"
}

@INPROCEEDINGS{schettini02content-based,
  author =   {Raimondo Schettini and C. Brambilla and C. Cusano},
  title =    {Content-Based Classification of Digital Photos},
  booktitle =    {Proc. Int. Workshop on Multiple Classifier Systems
                  (LNCS 2364)},
  publisher =    {Springer},
  month =    {June},
  pages =    {272-281},
  year =     2002,
  address =  {Calgiari, Italy},
  url =          "http://link.springer.de/link/service/series/0558/tocs/t2364.htm"
}

@INPROCEEDINGS{sharkeytypes02,
  author =   {Amanda J. C. Sharkey},
  title =    {Types of Multinet System},
  booktitle =    {Proc. Int. Workshop on Multiple Classifier Systems
                  (LNCS 2364)},
  publisher =    {Springer},
  month =    {June},
  pages =    {108-117},
  year =     2002,
  address =  {Calgiari, Italy},
  url =          "http://link.springer.de/link/service/series/0558/tocs/t2364.htm"
}

@INPROCEEDINGS{sirlantzis02trainable,
  author =   {Konstantinos Sirlantzis and Sanaul Hoque and Michael
                  C. Fairhurst},
  title =    {Trainable Multiple Classifier Schemes for
                  Handwritten Character Recognition},
  booktitle =    {Proc. Int. Workshop on Multiple Classifier Systems
                  (LNCS 2364)},
  publisher =    {Springer},
  month =    {June},
  pages =    {169-178},
  year =     2002,
  address =  {Calgiari, Italy},
  url =          "http://link.springer.de/link/service/series/0558/tocs/t2364.htm"
}

@INPROCEEDINGS{skurichina02:nmc,
  author =   {Marina Skurichina and Ludmila Kuncheva and Robert
                  P. W. Duin},
  title =    {Bagging and Boosting for the Nearest Mean
                  Classifier: Effects of Sample Size on Diversity and
                  Accuracy},
  booktitle =    {Proc. Int. Workshop on Multiple Classifier Systems
                  (LNCS 2364)},
  publisher =    {Springer},
  month =    {June},
  pages =    {62-71},
  year =     2002,
  address =  {Calgiari, Italy},
  url =          "http://link.springer.de/link/service/series/0558/tocs/t2364.htm"
}

@INPROCEEDINGS{valentini02svm,
  author =   {Giorgio Valentini and Thomas G. Dietterich},
  title =    {Bias-Variance Analysis and Ensembles of {SVM}},
  booktitle =    {Proc. Int. Workshop on Multiple Classifier Systems
                  (LNCS 2364)},
  publisher =    {Springer},
  month =    {June},
  pages =    {222-231},
  year =     2002,
  address =  {Calgiari, Italy},
  url =          "http://link.springer.de/link/service/series/0558/tocs/t2364.htm"
}

@INPROCEEDINGS{windeatt02boosted,
  author =   {Terry Windeatt and Gholamreza Ardeshir},
  title =    {Boosted Tree Ensembles for Solving Multiclass
                  Problems},
  booktitle =    {Proc. Int. Workshop on Multiple Classifier Systems
                  (LNCS 2364)},
  publisher =    {Springer},
  month =    {June},
  pages =    {42-51},
  year =     2002,
  address =  {Calgiari, Italy},
  url =          "http://link.springer.de/link/service/series/0558/tocs/t2364.htm"
}

@INPROCEEDINGS{windridge02on,
  author =   {David Windridge and Josef Kittler},
  title =    {On the General Application of the Tomographic
                  Classifier Fusion Methodology},
  booktitle =    {Proc. Int. Workshop on Multiple Classifier Systems
                  (LNCS 2364)},
  publisher =    {Springer},
  month =    {June},
  pages =    {149-158},
  year =     2002,
  address =  {Calgiari, Italy},
  url =          "http://link.springer.de/link/service/series/0558/tocs/t2364.htm"
}

@INPROCEEDINGS{yang02multistage,
  author =   {Shuang Yang and Antony Browne and Phil D. Picton},
  title =    {Multistage Neural Network Ensembles},
  booktitle =    {Proc. Int. Workshop on Multiple Classifier Systems
                  (LNCS 2364)},
  publisher =    {Springer},
  month =    {June},
  pages =    {91-97},
  year =     2002,
  address =  {Calgiari, Italy},
  url =          "http://link.springer.de/link/service/series/0558/tocs/t2364.htm"
}

@INPROCEEDINGS{zhu02support,
  author =   {Ji Zhu and Trevor Hastie},
  title =    {Support Vector Machines, Kernel Logistic Regression
                  and Boosting},
  booktitle =    {Proc. Int. Workshop on Multiple Classifier Systems
                  (LNCS 2364)},
  publisher =    {Springer},
  month =    {June},
  pages =    {16-26},
  year =     2002,
  address =  {Calgiari, Italy},
  url =          "http://link.springer.de/link/service/series/0558/tocs/t2364.htm"
}

@INPROCEEDINGS{ahmad03combining,
  author =   {Khurshid Ahmad and Matthew Casey and Bogdan Vrusias
                  and Panagiotis Saragiotis},
  title =    {Combining Multiple Modes of Information Using
                  Unsupervised Neural Classifiers},
  booktitle =    {Proc. Int. Workshop on Multiple Classifier Systems
                  (LNCS 2709)},
  publisher =    {Springer},
  month =    {June},
  pages =    {236-245},
  year =     2003,
  address =  {Guildford, Surrey},
  url =          {http://link.springer.de/link/service/series/0558/tocs/t2709.htm},
}

@INPROCEEDINGS{aksela03comparison,
  author =   {Matti Aksela},
  title =    {Comparison of Classifier Selection Methods for
                  Improving Committee Performance},
  booktitle =    {Proc. Int. Workshop on Multiple Classifier Systems
                  (LNCS 2709)},
  publisher =    {Springer},
  month =    {June},
  pages =    {84-93},
  year =     2003,
  address =  {Guildford, Surrey},
  url =           "http://link.springer.de/link/service/series/0558/tocs/t2709.htm"
}

@INPROCEEDINGS{alam03solving,
  author =   {Hassan Alam and Ahmad Fuad Rezaur Rahman and Yulia
                  Tarnikova},
  title =    {Solving Problems Two at a Time: Classification of
                  Web Pages Using a Generic Pair-Wise Multiple
                  Classifier System},
  booktitle =    {Proc. Int. Workshop on Multiple Classifier Systems
                  (LNCS 2709)},
  publisher =    {Springer},
  month =    {June},
  pages =    {385-394},
  year =     2003,
  address =  {Guildford, Surrey},
  url =            "http://link.springer.de/link/service/series/0558/tocs/t2709.htm"
}

@INPROCEEDINGS{arenas-garcia03beneficial,
  author =   {J. Arenas-Garcia and An?bal R. Figueiras-Vidal and
                  Amanda J. C. Sharkey},
  title =    {The Beneficial Effects of Using Multi-net Systems
                  That Focus on Hard Patterns},
  booktitle =    {Proc. Int. Workshop on Multiple Classifier Systems
                  (LNCS 2709)},
  publisher =    {Springer},
  month =    {June},
  pages =    {45-54},
  year =     2003,
  address =  {Guildford, Surrey},
  url =          "http://link.springer.de/link/service/series/0558/tocs/t2709.htm"
}

@INPROCEEDINGS{asdornwised03automatic,
  author =   {Widhyakorn Asdornwised and Somchai Jitapunkul},
  title =    {Automatic Target Recognition Using Multiple
                  Description Coding Models for Multiple Classifier
                  Systems},
  booktitle =    {Proc. Int. Workshop on Multiple Classifier Systems
                  (LNCS 2709)},
  publisher =    {Springer},
  month =    {June},
  pages =    {336-345},
  year =     2003,
  address =  {Guildford, Surrey},
  url =          "http://link.springer.de/link/service/series/0558/tocs/t2709.htm"
}

@INPROCEEDINGS{ayad03finding,
  author =   {Hanan Ayad and Mohamed S. Kamel},
  title =    {Finding Natural Clusters Using Multi-clusterer
                  Combiner Based on Shared Nearest Neighbors},
  booktitle =    {Proc. Int. Workshop on Multiple Classifier Systems
                  (LNCS 2709)},
  publisher =    {Springer},
  month =    {June},
  pages =    {166-175},
  year =     2003,
  address =  {Guildford, Surrey},
  url =          "http://link.springer.de/link/service/series/0558/tocs/t2709.htm"
}

@INPROCEEDINGS{banfield03new,
  author =   {Robert E. Banfield and Lawrence O. Hall and Kevin
                  W. Bowyer and W. Philip Kegelmeyer},
  title =    {A New Ensemble Diversity Measure Applied to Thinning
                  Ensembles},
  booktitle =    {Proc. Int. Workshop on Multiple Classifier Systems
                  (LNCS 2709)},
  publisher =    {Springer},
  month =    {June},
  pages =    {306-316},
  year =     2003,
  address =  {Guildford, Surrey},
  url =          "http://link.springer.de/link/service/series/0558/tocs/t2709.htm"
}

@INPROCEEDINGS{baykut03towards,
  author =   {Alper Baykut and Ayt?l Er?il},
  title =    {Towards Automated Classifier Combination for Pattern
                  Recognition},
  booktitle =    {Proc. Int. Workshop on Multiple Classifier Systems
                  (LNCS 2709)},
  publisher =    {Springer},
  month =    {June},
  pages =    {94-105},
  year =     2003,
  address =  {Guildford, Surrey},
  url =          "http://link.springer.de/link/service/series/0558/tocs/t2709.htm"
}

@INPROCEEDINGS{brownwyatt03mcs,
  author =   {Gavin Brown and Jeremy L. Wyatt},
  title =    {Negative Correlation Learning and the Ambiguity
                  Family of Ensemble Methods},
  booktitle =    {Proc. Int. Workshop on Multiple Classifier Systems
                  (LNCS 2709)},
  publisher =    {Springer},
  month =    {June},
  pages =    {266-275},
  year =     2003,
  address =  {Guildford, Surrey},
  url =          "http://link.springer.de/link/service/series/0558/tocs/t2709.htm"
}

@INPROCEEDINGS{christensen03ensemble,
  author =   {Stefan W. Christensen},
  title =    {Ensemble Construction via Designed Output
                  Distortion},
  booktitle =    {Proc. Int. Workshop on Multiple Classifier Systems
                  (LNCS 2709)},
  publisher =    {Springer},
  month =    {June},
  pages =    {286-295},
  year =     2003,
  address =  {Guildford, Surrey},
  url =          "http://link.springer.de/link/service/series/0558/tocs/t2709.htm"
}

@INPROCEEDINGS{cohen03study,
  author =   {Shimon Cohen and Nathan Intrator},
  title =    {A Study of Ensemble of Hybrid Networks with Strong
                  Regularization},
  booktitle =    {Proc. Int. Workshop on Multiple Classifier Systems
                  (LNCS 2709)},
  publisher =    {Springer},
  month =    {June},
  pages =    {227-235},
  year =     2003,
  address =  {Guildford, Surrey},
  url =          "http://link.springer.de/link/service/series/0558/tocs/t2709.htm"
}

@INPROCEEDINGS{cutzu03polychotomous,
  author =   {Florin Cutzu},
  title =    {Polychotomous Classification with Pairwise
                  Classifiers: A New Voting Principle},
  booktitle =    {Proc. Int. Workshop on Multiple Classifier Systems
                  (LNCS 2709)},
  publisher =    {Springer},
  month =    {June},
  pages =    {115-124},
  year =     2003,
  address =  {Guildford, Surrey},
  url =          "http://link.springer.de/link/service/series/0558/tocs/t2709.htm"
}

@INPROCEEDINGS{duan03multi-category,
  author =   {Kaibo Duan and S. Sathiya Keerthi and Wei Chu and
                  Shirish Krishnaj Shevade and Aun Neow Poo},
  title =    {Multi-category Classification by Soft-Max
                  Combination of Binary Classifiers},
  booktitle =    {Proc. Int. Workshop on Multiple Classifier Systems
                  (LNCS 2709)},
  publisher =    {Springer},
  month =    {June},
  pages =    {125-134},
  year =     2003,
  address =  {Guildford, Surrey},
  url =          "http://link.springer.de/link/service/series/0558/tocs/t2709.htm"
}

@INPROCEEDINGS{estruch03beam,
  author =   {Vicent Estruch and Cesar Ferri and Jose
                  Hernandez-Orallo and M. Jose Ramirez-Quintana},
  title =    {Beam Search Extraction and Forgetting Strategies on
                  Shared Ensembles},
  booktitle =    {Proc. Int. Workshop on Multiple Classifier Systems
                  (LNCS 2709)},
  publisher =    {Springer},
  month =    {June},
  pages =    {206-216},
  year =     2003,
  address =  {Guildford, Surrey},
  url =          "http://link.springer.de/link/service/series/0558/tocs/t2709.htm"
}

@INPROCEEDINGS{fumera03linear,
  author =   {G. Fumera and F. Roli},
  title =    {Linear Combiners for Classifier Fusion: Some
                  Theoretical and Experimental Results},
  booktitle =    {Proc. Int. Workshop on Multiple Classifier Systems
                  (LNCS 2709)},
  publisher =    {Springer},
  month =    {June},
  pages =    {74-83},
  year =     2003,
  address =  {Guildford, Surrey},
  url =          "http://link.springer.de/link/service/series/0558/tocs/t2709.htm"
}

@INPROCEEDINGS{giacinto03modular,
  author =   {Giorgio Giacinto and Fabio Roli and Luca Didaci},
  title =    {A Modular Multiple Classifier System for the
                  Detection of Intrusions in Computer Networks},
  booktitle =    {Proc. Int. Workshop on Multiple Classifier Systems
                  (LNCS 2709)},
  publisher =    {Springer},
  month =    {June},
  pages =    {346-355},
  year =     2003,
  address =  {Guildford, Surrey},
  url =          "http://link.springer.de/link/service/series/0558/tocs/t2709.htm"
}

@INPROCEEDINGS{gunter03new,
  author =   {Simon Gunter and Horst Bunke},
  title =    {New Boosting Algorithms for Classification Problems
                  with Large Number of Classes Applied to a
                  Handwritten Word Recognition Task},
  booktitle =    {Proc. Int. Workshop on Multiple Classifier Systems
                  (LNCS 2709)},
  publisher =    {Springer},
  month =    {June},
  pages =    {326-335},
  year =     2003,
  address =  {Guildford, Surrey},
  url =          "http://link.springer.de/link/service/series/0558/tocs/t2709.htm"
}

@INPROCEEDINGS{inoue03improving,
  author =   {Hirotaka Inoue and Hiroyuki Narihisa},
  title =    {Improving Performance of a Multiple Classifier
                  System Using Self-generating Neural Networks},
  booktitle =    {Proc. Int. Workshop on Multiple Classifier Systems
                  (LNCS 2709)},
  publisher =    {Springer},
  month =    {June},
  pages =    {256-265},
  year =     2003,
  address =  {Guildford, Surrey},
  url =          "http://link.springer.de/link/service/series/0558/tocs/t2709.htm"
}

@INPROCEEDINGS{jaser03building,
  author =   {Edward Jaser and Josef Kittler and William
                  J. Christmas},
  title =    {Building Classifier Ensembles for Automatic Sports
                  Classification},
  booktitle =    {Proc. Int. Workshop on Multiple Classifier Systems
                  (LNCS 2709)},
  publisher =    {Springer},
  month =    {June},
  pages =    {366-374},
  year =     2003,
  address =  {Guildford, Surrey},
  url =          "http://link.springer.de/link/service/series/0558/tocs/t2709.htm"
}

@INPROCEEDINGS{kamel03data,
  author =   {Mohamed S. Kamel and Nayer M. Wanas},
  title =    {Data Dependence in Combining Classifiers},
  booktitle =    {Proc. Int. Workshop on Multiple Classifier Systems
                  (LNCS 2709)},
  publisher =    {Springer},
  month =    {June},
  pages =    {1-14},
  year =     2003,
  address =  {Guildford, Surrey},
  url =          "http://link.springer.de/link/service/series/0558/tocs/t2709.htm"
}

@INPROCEEDINGS{kittler03serial,
  author =   {Josef Kittler and Alireza Ahmadyfard and David
                  Windridge},
  title =    {Serial Multiple Classifier Systems Exploiting a
                  Coarse to Fine Output Coding},
  booktitle =    {Proc. Int. Workshop on Multiple Classifier Systems
                  (LNCS 2709)},
  publisher =    {Springer},
  month =    {June},
  pages =    {106-114},
  year =     2003,
  address =  {Guildford, Surrey},
  url =          "http://link.springer.de/link/service/series/0558/tocs/t2709.htm"
}

@INPROCEEDINGS{ko03binary,
  author =   {Jaepil Ko and Hyeran Byun},
  title =    {Binary Classifier Fusion Based on the Basic
                  Decomposition Methods},
  booktitle =    {Proc. Int. Workshop on Multiple Classifier Systems
                  (LNCS 2709)},
  publisher =    {Springer},
  month =    {June},
  pages =    {146-155},
  year =     2003,
  address =  {Guildford, Surrey},
  url =          "http://link.springer.de/link/service/series/0558/tocs/t2709.htm"
}

@INPROCEEDINGS{kuncheva03error,
  author =   {Ludmila Kuncheva},
  title =    {Error Bounds for Aggressive and Conservative
                  AdaBoost},
  booktitle =    {Proc. Int. Workshop on Multiple Classifier Systems
                  (LNCS 2709)},
  publisher =    {Springer},
  month =    {June},
  pages =    {25-34},
  year =     2003,
  address =  {Guildford, Surrey},
  url =          "http://link.springer.de/link/service/series/0558/tocs/t2709.htm"
}

@INPROCEEDINGS{lewitt03ensemble,
  author =   {Michael Lewitt and Robi Polikar},
  title =    {An Ensemble Approach for Data Fusion with Learn++},
  booktitle =    {Proc. Int. Workshop on Multiple Classifier Systems
                  (LNCS 2709)},
  publisher =    {Springer},
  month =    {June},
  pages =    {176-185},
  year =     2003,
  address =  {Guildford, Surrey},
  url =          "http://link.springer.de/link/service/series/0558/tocs/t2709.htm"
}

@INPROCEEDINGS{luttrell03markov,
  author =   {S. P. Luttrell},
  title =    {A Markov Chain Approach to Multiple Classifier
                  Fusion},
  booktitle =    {Proc. Int. Workshop on Multiple Classifier Systems
                  (LNCS 2709)},
  publisher =    {Springer},
  month =    {June},
  pages =    {217-226},
  year =     2003,
  address =  {Guildford, Surrey},
  url =          "http://link.springer.de/link/service/series/0558/tocs/t2709.htm"
}

@INPROCEEDINGS{magee03sequential,
  author =   {Derek Magee},
  title =    {A Sequential Scheduling Approach to Combining
                  Multiple Object Classifiers Using Cross-Entropy},
  booktitle =    {Proc. Int. Workshop on Multiple Classifier Systems
                  (LNCS 2709)},
  publisher =    {Springer},
  month =    {June},
  pages =    {135-145},
  year =     2003,
  address =  {Guildford, Surrey},
  url =          "http://link.springer.de/link/service/series/0558/tocs/t2709.htm"
}

@INPROCEEDINGS{mcdonald03empirical,
  author =   {Ross A. McDonald and David J. Hand and Idris
                  A. Eckley},
  title =    {An Empirical Comparison of Three Boosting Algorithms
                  on Real Data Sets with Artificial Class Noise},
  booktitle =    {Proc. Int. Workshop on Multiple Classifier Systems
                  (LNCS 2709)},
  publisher =    {Springer},
  month =    {June},
  pages =    {35-44},
  year =     2003,
  address =  {Guildford, Surrey},
  url =          "http://link.springer.de/link/service/series/0558/tocs/t2709.htm"
}

@INPROCEEDINGS{oza03boosting,
  author =   {Nikunj C. Oza},
  title =    {Boosting with Averaged Weight Vectors},
  booktitle =    {Proc. Int. Workshop on Multiple Classifier Systems
                  (LNCS 2709)},
  publisher =    {Springer},
  month =    {June},
  pages =    {15-24},
  year =     2003,
  address =  {Guildford, Surrey},
}

@INPROCEEDINGS{oza03classification,
  author =   {Nikunj C. Oza and Kagan Tumer and Irem Y. Tumer and
                  Edward M. Huff},
  title =    {Classification of Aircraft Maneuvers for Fault
                  Detection},
  booktitle =    {Proc. Int. Workshop on Multiple Classifier Systems
                  (LNCS 2709)},
  publisher =    {Springer},
  month =    {June},
  pages =    {375-384},
  year =     2003,
  address =  {Guildford, Surrey},
  url =          "http://link.springer.de/link/service/series/0558/tocs/t2709.htm"
}

@INPROCEEDINGS{raudys03behavior,
  author =   {Sarunas Raudys and Fabio Roli},
  title =    {The Behavior Knowledge Space Fusion Method: Analysis
                  of Generalization Error and Strategies for
                  Performance Improvement},
  booktitle =    {Proc. Int. Workshop on Multiple Classifier Systems
                  (LNCS 2709)},
  publisher =    {Springer},
  month =    {June},
  pages =    {55-64},
  year =     2003,
  address =  {Guildford, Surrey},
  url =          "http://link.springer.de/link/service/series/0558/tocs/t2709.htm"
}

@INPROCEEDINGS{raudys03reducing,
  author =   {Sarunas Raudys and Ray L. Somorjai and Richard
                  Baumgartner},
  title =    {Reducing the Overconfidence of Base Classifiers when
                  Combining Their Decisions},
  booktitle =    {Proc. Int. Workshop on Multiple Classifier Systems
                  (LNCS 2709)},
  publisher =    {Springer},
  month =    {June},
  pages =    {65-73},
  year =     2003,
  address =  {Guildford, Surrey},
  url =          "http://link.springer.de/link/service/series/0558/tocs/t2709.htm"
}

@INPROCEEDINGS{santos03neural,
  author =   {Rafael Valle dos Santos and Marley Vellasco and
                  Fredy Artola and Sergio da Fontoura},
  title =    {Neural Net Ensembles for Lithology Recognition},
  booktitle =    {Proc. Int. Workshop on Multiple Classifier Systems
                  (LNCS 2709)},
  publisher =    {Springer},
  month =    {June},
  pages =    {246-255},
  year =     2003,
  address =  {Guildford, Surrey},
  url =          "http://link.springer.de/link/service/series/0558/tocs/t2709.htm"
}

@INPROCEEDINGS{sirlantzis03input,
  author =   {Konstantinos Sirlantzis and Sanaul Hoque and Michael
                  C. Fairhurst},
  title =    {Input Space Transformations for Multi-classifier
                  Systems Based on n-tuple Classifiers with
                  Application to Handwriting Recognition},
  booktitle =    {Proc. Int. Workshop on Multiple Classifier Systems
                  (LNCS 2709)},
  publisher =    {Springer},
  month =    {June},
  pages =    {356-365},
  year =     2003,
  address =  {Guildford, Surrey},
  url =          "http://link.springer.de/link/service/series/0558/tocs/t2709.htm"
}

@INPROCEEDINGS{tapia03good,
  author =   {Elizabeth Tapia and Jose Carlos Gonzalez and
                  L. Javier Garcia-Villalba},
  title =    {Good Error Correcting Output Codes for Adaptive
                  Multiclass Learning},
  booktitle =    {Proc. Int. Workshop on Multiple Classifier Systems
                  (LNCS 2709)},
  publisher =    {Springer},
  month =    {June},
  pages =    {156-165},
  year =     2003,
  address =  {Guildford, Surrey},
  url =          "http://link.springer.de/link/service/series/0558/tocs/t2709.htm"
}

@INPROCEEDINGS{velek03accumulated-recognition-rate,
  author =   {Ondrej Velek and Stefan Juger and Masaki Nakagawa},
  title =    {Accumulated-Recognition-Rate Normalization for
                  Combining Multiple On/Off-Line Japanese Character
                  Classifiers Tested on a Large Database},
  booktitle =    {Proc. Int. Workshop on Multiple Classifier Systems
                  (LNCS 2709)},
  publisher =    {Springer},
  month =    {June},
  pages =    {196-205},
  year =     2003,
  address =  {Guildford, Surrey},
  url =          "http://link.springer.de/link/service/series/0558/tocs/t2709.htm"
}

@INPROCEEDINGS{verbaeten03ensemble,
  author =   {Sofie Verbaeten and Anneleen Van Assche},
  title =    {Ensemble Methods for Noise Elimination in
                  Classification Problems},
  booktitle =    {Proc. Int. Workshop on Multiple Classifier Systems
                  (LNCS 2709)},
  publisher =    {Springer},
  month =    {June},
  pages =    {317-325},
  year =     2003,
  address =  {Guildford, Surrey},
  url =          "http://link.springer.de/link/service/series/0558/tocs/t2709.htm"
}

@INPROCEEDINGS{wilczok03design,
  author =   {Elke Wilczok and Wolfgang Lellmann},
  title =    {Design and Evaluation of an Adaptive Combination
                  Framework for OCR Result Strings},
  booktitle =    {Proc. Int. Workshop on Multiple Classifier Systems
                  (LNCS 2709)},
  publisher =    {Springer},
  month =    {June},
  pages =    {395-404},
  year =     2003,
  address =  {Guildford, Surrey},
  url =          "http://link.springer.de/link/service/series/0558/tocs/t2709.htm"
}

@INPROCEEDINGS{windeatt03spectral,
  author =   {Terry Windeatt and Reza Ghaderi and Gholamreza
                  Ardeshir},
  title =    {Spectral Coefficients and Classifier Correlation},
  booktitle =    {Proc. Int. Workshop on Multiple Classifier Systems
                  (LNCS 2709)},
  publisher =    {Springer},
  month =    {June},
  pages =    {276-285},
  year =     2003,
  address =  {Guildford, Surrey},
  url =          "http://link.springer.de/link/service/series/0558/tocs/t2709.htm"
}

@INPROCEEDINGS{windridge03practical,
  author =   {David Windridge and Josef Kittler},
  title =    {The Practical Performance Characteristics of
                  Tomographically Filtered Multiple Classifier Fusion},
  booktitle =    {Proc. Int. Workshop on Multiple Classifier Systems
                  (LNCS 2709)},
  publisher =    {Springer},
  month =    {June},
  pages =    {186-195},
  year =     2003,
  address =  {Guildford, Surrey},
  url =          "http://link.springer.de/link/service/series/0558/tocs/t2709.htm"
}

@INPROCEEDINGS{zouari03simulating,
  author =   {H. Zouari and Laurent Heutte and Yves Lecourtier and
                  Adel M. Alimi},
  title =    {Simulating Classifier Outputs for Evaluating
                  Parallel Combination Methods},
  booktitle =    {Proc. Int. Workshop on Multiple Classifier Systems
                  (LNCS 2709)},
  publisher =    {Springer},
  month =    {June},
  pages =    {296-305},
  year =     2003,
  address =  {Guildford, Surrey},
  url =          "http://link.springer.de/link/service/series/0558/tocs/t2709.htm"
}
